3014 4886
438 451 470 499 o.
493 433 670 499 silonouu
697 438 979 504 vnaiusru'uuu.
1162 429 1247 510 1781

156 590 310 652 ficturum
320 595 379 639 osto
389 588 687 655 ciiraudegrorloraat·
722 594 859 658 alianum]
875 595 1000 660 quuitur
1010 593 1043 644 de
1059 595 1184 658 l'ertulla,
1204 599 1249 648 So·

158 683 210 732 que
226 667 367 729 atrociora,
381 679 457 732 quom
471 676 568 729 eareat,
581 669 686 718 Romam
724 669 776 720 bini
789 679 879 726 matre,
891 671 1039 734 Veopaaiuni
1056 672 1122 722 urio.
1141 673 1249 723 Tmrut.

157 745 355 794 nunciarentur.
388 743 433 792 δίε
455 750 482 792 ct
505 743 573 809 quod
595 745 632 794 ait
654 744 687 794 rie
756 746 920 810 inprotectae
928 746 1249 813 aiaunjl’rarteatamoig·

157 821 245 884 aquilo
262 827 348 883 rapto,
359 817 385 868 in
400 818 508 868 historia
517 819 626 882 Joteplri
638 833 687 870 non
723 821 877 887 nificot‚qua
888 823 993 874 inriatua
1002 823 1251 888 erotVeopaaiauuo,

157 893 688 959 legor,quomlrobeaioaeexpoaitamco·
724 904 816 960 utpote
832 896 932 946 AEtlilla.
965 899 1051 963 Supru
1070 899 1138 947 euim
1156 913 1250 949 memo·

158 971 218 1020 (lem
229 971 306 1034 libro,
317 970 453 1034 capitolo,
465 970 539 1020 lion.
724 979 817 1028 rutum,
833 979 985 1036 praetoxtom
1004 975 1107 1038 proprie
1123 987 1181 1024 eoae
1197 989 1249 1024 ma·

196 1047 232 1096 Ut
248 1047 276 1096 iat
302 1045 472 1110 oppugnatione
490 1046 581 1096 matelii
602 1047 688 1112 lopiilia
723 1050 883 1115 giatrmmtm.

155 1123 231 1172 ictam
247 1137 320 1185 gena,
336 1127 401 1172 arato
420 1123 523 1185 aagittua
540 1123 630 1187 aliquot
644 1139 686 1173 cx-
757 1128 830 1177 cruia
851 1126 982 1192 eatrorirra]
1006 1129 1053 1178 litt
1073 1128 1116 1194 qui
1138 1134 1249 1179 eximat

157 1199 260 1264 ceperit]
277 1200 373 1250 Pctrua
384 1198 538 1264 Apollonion
551 1201 688 1264 collatino,
723 1204 898 1268 reponendum
908 1211 993 1268 putet,
1005 1204 1049 1253 aeri
1059 1205 1158 1267 injurio.
1181 1205 1205 1254 N
1209 1217 1250 1254 ant

159 1276 194 1325 (le
205 1275 308 1326 excidio
322 1275 557 1340 lliercaolymitono
568 1277 635 1327 libro
647 1293 686 1328 ae·
723 1291 774 1327 oon
786 1279 865 1328 tolum
874 1279 967 1330 Latina
976 1293 1026 1329 vox
1037 1287 1077 1329 ert
1088 1279 1251 1343 ‘aalaarlua,'

159 1351 256 1407 cundo,
267 1351 292 1400 in
305 1351 437 1400 obridione
448 1353 594 1416 lclopttea,
611 1353 618 1381 ¹
629 1355 686 1402 Me·
723 1355 769 1403 ted
780 1361 808 1404 et
818 1355 928 1405 maxime
939 1356 1054 1420 propria,
1063 1364 1089 1405 et
1100 1356 1133 1405 nb
1140 1363 1249 1406 externo

159 1427 204 1477 (ila
214 1428 281 1476 iuter
294 1429 354 1477 ralla
365 1427 487 1492 atridem,
493 1427 625 1478 Incertum
636 1443 686 1493 quo
723 1428 853 1481 different.
888 1430 933 1479 Au
948 1429 1048 1492 Fratue,
1064 1431 1072 1458 ‘
1085 1428 1250 1480 Extrerium’

155 1503 230 1566 jocio
246 1501 449 1565 manuciolum
466 1503 563 1567 cogitio
579 1512 619 1554 eat
632 1505 686 1556 Sub
724 1503 785 1567 (lici,
800 1504 861 1568 ‘qul
881 1511 958 1553 extro
974 1503 1059 1554 iocum
1076 1505 1173 1570 jusque
1191 1519 1249 1554 noo·

159 1575 434 1638 Petroniadaecoaam
443 1593 493 1644 quo
505 1580 605 1644 poplite
610 1581 687 1645 juuc·
723 1585 792 1630 iruna
803 1595 834 1631 oe
846 1588 1034 1630 accrementum
1051 1581 1110 1630 eat.’
1142 1581 1249 1644 Apulei·

159 1659 190 1703 io
206 1653 264 1703 eal!
294 1653 423 1720 josephus
440 1655 507 1705 libro
518 1669 563 1705 ru.
575 1669 633 1719 cap.
648 1660 686 1706 ru.
724 1657 785 1706 utin
798 1659 829 1704 n.
841 1654 917 1718 Apol.
933 1655 1086 1706 ‘Pr-teret
1096 1657 1250 1718 minabatur,

159 1729 556 1795 Hegeaippuoiib.nr.cop.12.
575 1731 676 1783 Coaooi.
724 1731 744 1783 ai
763 1734 878 1782 extrario
896 1732 1035 1795 uupalaaet,
1057 1733 1119 1782 nihil
1140 1746 1168 1782 oe
1188 1731 1249 1782 rillio

175 1803 176 1806 ’
192 1805 290 1856 Cum.
301 1805 381 1854 Morti
389 1806 496 1869 merulo]
509 1805 568 1856 Hoc
575 1808 686 1870 peculio·
724 1807 782 1870 ejuo
798 1821 830 1856 ex
843 1807 957 1869 paternit
975 1819 1063 1856 eorum
1080 1807 1152 1856 bouia
1171 1815 1250 1856 teate·

142 1877 686 1946 -riterintelligendorum,quodqoercno
722 1881 989 1934 mentorelicturum.’
1022 1883 1170 1932 Eatroriurn
1182 1882 1249 1932 acci·

145 1947 147 1953 ¹
159 1955 302 2006 liloMartio
311 1954 502 2017 ancrotat'oret3
513 1971 570 2006 cum
579 1973 686 2020 genero·
723 1959 762 2022 pit
773 1973 821 2022 pro
832 1972 872 2021 eo,
882 1958 925 2022 qul
937 1971 987 2006 uon
999 1957 1033 2007 ait
1044 1957 1210 2013 domenicus,
1222 1965 1250 2007 et

158 2031 220 2082 liter
229 2047 339 2098 quercus
352 2042 379 2083 et
392 2033 500 2083 aeoculua
512 2033 564 2083 aint
574 2033 635 2084 Joui
647 2033 685 2082 dl·
723 2049 755 2083 cx
767 2033 855 2082 cadem
875 2032 981 2082 iomilia.
1011 2033 1149 2083 'l'erentiur
1169 2034 1249 2082 Pilor-

157 2114 241 2158 rote:
258 2109 326 2159 aicut
335 2109 450 2172 Apollini
460 2109 686 2170 lourua,Mlucrrre
723 2111 823 2160 mione:
838 2108 932 2158 ‘lione
942 2108 1113 2159 conditionem
1125 2110 1146 2157 ai
1155 2111 1197 2159 oui
1209 2116 1248 2159 tu-

158 2186 227 2246 olea,
237 2185 334 2235 Veneri
355 2194 464 2252 myrtoo,
477 2185 583 2234 Herculi
606 2199 686 2252 popu·
724 2186 777 2235 lero
789 2184 921 2235 extrario!
938 2184 1054 2233 Utuntur
1063 2198 1097 2233 co
1107 2191 1136 2233 ct
1147 2185 1251 2244 cicero,

158 2255 206 2309 lm‘.
226 2261 336 2310 Beroald.
723 2260 866 2323 Lucretius,
885 2258 1069 2312 Quintilianus.
1100 2260 1179 2308 Marc.
1197 2259 1247 2307 ilo·

190 2335 304 2396 Singuloa
316 2340 411 2398 reponte
420 2347 523 2384 rumora
537 2335 629 2395 frotico
644 2337 685 2385 lle·
721 2341 773 2387 aot.

157 2411 207 2476 dil]
227 2411 685 2474 MireLotirritoo,etvililauopceta.
756 2409 859 2460 conatii
883 2409 932 2460 Dei
960 2411 1090 2474 oraculum]
1124 2407 1247 2457 'l'aoituar

153 2484 247 2540 Probo
265 2500 327 2535 aero
338 2487 405 2536 Juatl
426 2485 507 2549 Lipaii
527 2487 686 2536 emeutlotio·
721 2489 729 2516 ⁸
743 2487 790 2536 litt
806 2485 923 2539 Judaeum
940 2486 1008 2535 iuter
1023 2485 1173 2548 Syriamque
1186 2483 1248 2532 car·

156 2573 228 2623 nem,
243 2575 319 2609 rorooa
335 2565 375 2611 out
387 2561 491 2621 fruticet
500 2565 575 2612 droit.
608 2563 684 2615 Quod
722 2563 811 2612 meino.
845 2562 1131 2622 ltarocantmontem,
1149 2559 1249 2606 Deum·

156 2651 240 2702 genna
253 2637 356 2688 (licendi
372 2653 419 2688 uon
441 2655 499 2690 raro
519 2641 635 2706 eorrupit
653 2641 685 2690 ll·
722 2651 782 2702 que.
802 2650 850 2686 nec
862 2636 1023 2684 simulacrum
1037 2635 1105 2695 Deo,
1117 2643 1162 2681 aut
1181 2639 1247 2682 tom·

156 2711 304 2763 brerlorum
316 2713 452 2777 imperitia.
472 2717 572 2765 Coaoub.
723 2711 808 2776 pluro:
827 2712 864 2760 aie
881 2710 1012 2760 tradidere
1031 2707 1159 2770 majoros:
1174 2721 1248 2757 oram

189 2789 378 2853 Ideoquapuelio
394 2795 452 2838 uoto
471 2805 517 2839 ooo
533 2789 685 2856 pectunculi]
722 2795 833 2849 tantum,
852 2792 879 2835 cl
900 2783 1089 2834 corruentium-⁹
1120 2783 1155 2832 Et
1172 2784 1247 2847 louge

156 2863 216 2913 siro
233 2864 372 2927 pmmuoit
384 2864 522 2926 inibatur,
535 2866 589 2914 rivo
602 2879 685 2929 puca-
720 2865 810 2916 'l'ocito
826 2865 997 2929 Suetonioque
1009 2862 1138 2928 antiquior
1150 2861 1248 2924 Scylax

155 2941 433 3004 acail‚utconatontcr
450 2941 475 2989 iu
492 2941 555 2990 Mas.
574 2954 625 2990 non
638 2941 684 2991 du·
722 2941 927 3005 Coryonrleuais:
945 2939 1071 3004 ltippuuos
1099 2938 1159 3002 lpas.
1187 2935 1249 3002 irplv

156 3015 227 3066 bium
251 3015 362 3078 condem
381 3030 438 3065 eoao
460 3015 530 3066 rocio
550 3015 684 3082 utriuaque
721 3014 785 3066 Διίε.
816 3015 961 3081 Significat,
979 3023 1091 3067 montem
1115 3021 1143 3063 ct
1164 3013 1249 3061 licum

156 3090 290 3158 originem.
309 3091 376 3140 licre
387 3099 472 3140 autem
483 3090 510 3140 irl
522 3091 629 3141 terbum
641 3107 684 3142 oc·
721 3106 788 3156 eote,
802 3099 828 3142 et
845 3093 897 3142 Del
906 3092 993 3142 oedem
1010 3107 1040 3141 oc
1054 3090 1150 3140 ionum.
1183 3088 1248 3138 Nul-

158 3166 255 3230 cipitur
275 3180 322 3228 pro
343 3165 424 3214 πελλδ
445 3165 488 3224 lm
513 3165 684 3230 διαγίγνεσθαι,
721 3169 1081 3232 lumeuimineotetnplurn,
1098 3171 1127 3214 ut
1142 3161 1248 3212 Tacitua

158 3239 364 3302 aivelmroali'in.
378 3239 686 3292 Veteretilomaoimrn·
722 3245 837 3296 inriicat:
851 3239 910 3296 'teti
938 3245 995 3310 ipae
1014 3255 1088 3292 mona
1115 3237 1248 3288 Corneio·

158 3329 187 3365 ao
198 3315 296 3366 Martio
306 3329 379 3365 socru
390 3314 479 3366 iecere
490 3315 575 3367 Annae
585 3319 684 3369 Peran·
723 3321 794 3386 qrraol
806 3322 930 3386 templum
942 3325 999 3369 erat
1015 3314 1140 3366 numicio:
1158 3313 1208 3360 iuro
1221 3319 1248 3359 ct

157 3406 215 3440 no:
234 3399 263 3442 ut
285 3393 376 3442 licerer
396 3392 447 3441 cibi
469 3405 519 3441 uon
540 3394 623 3444 colum
641 3407 685 3442 on·
722 3409 817 3461 corpur
837 3397 900 3458 ejus.
940 3389 1159 3444 Nom'corrocloo
1177 3385 1248 3435 licus

157 3481 230 3529 uate,
242 3467 288 3517 aeri
297 3474 326 3518 et
336 3481 496 3532 perennare:
513 3468 561 3517 hoc
573 3474 623 3526 eat,
638 3468 685 3518 rio-
723 3471 860 3522 ccuotobot
872 3467 947 3533 genio
959 3469 1018 3529 loci,
1033 3472 1061 3515 ct
1071 3469 1144 3512 casto
1156 3461 1249 3511 orontio

156 3557 215 3593 rore
225 3544 252 3592 in
265 3544 357 3592 multuo
367 3555 455 3593 annot.
489 3541 627 3593 Suetonius
638 3560 686 3591 εει·
723 3559 841 3611 corpore.
868 3543 1111 3594 Vorlalrulleautem
1124 3539 1249 3600 ott,ironc

158 3621 277 3682 εοερεεᾶε
288 3619 390 3682 occepit
408 3633 455 3682 pro
466 3616 583 3680 διετίζειν,
601 3621 687 3669 dorm
724 3623 869 3687 opinionem
881 3620 1014 3685 paullatim
1025 3615 1160 3681 irreptione
1171 3627 1203 3663 ex
1217 3627 1248 3663 eo

156 3695 290 3744 ιἐιειιιειιιιε.
322 3689 687 3759 Nondiaaimiliaombiguitaa
724 3697 790 3763 quod
813 3699 883 3747 Eliaa
903 3697 1033 3745 'l'lriabitea
1053 3693 1095 3742 luc
1117 3691 1250 3751 habitarit,

157 3767 183 3818 in
195 3769 348 3820 dictionibus
358 3769 436 3828 διετίιε
449 3777 477 3820 et
493 3769 571 3829 διίεηε
581 3771 687 3822 Graeco·
724 3774 888 3837 scholamque
897 3769 1027 3834 hebuerit,
1037 3775 1065 3819 ut
1076 3767 1180 3833 quidem
1190 3779 1248 3829 pro·

157 3859 224 3894 rum.
258 3845 334 3895 Prior
345 3844 377 3896 tle
387 3859 418 3895 eo
430 3845 526 3896 dieitur
538 3845 581 3911 qui
595 3861 686 3911 peron-
724 3847 792 3897 olon
801 3848 916 3900 ioannes
933 3845 1186 3908 ilieroaolymitauua
1199 3839 1249 3888 Po·

158 3933 220 3974 ueta
238 3926 365 3988 posterior
377 3926 408 3974 de
424 3927 500 3976 bimo.
534 3927 621 3979 Quare
639 3925 688 3976 etl·
724 3921 845 3972 triorcha.
878 3921 981 3969 videet
993 3933 1011 3969 r.
1021 3931 1120 3968 acum.
1132 3917 1198 3978 neg.
1211 3915 1248 3962 lii.

159 4013 200 4048 am
212 4000 320 4049 verbum
333 3999 450 4066 διετίζειν,
468 4001 536 4066 quod
558 3999 689 4068 significet
724 3999 786 4048 item
800 4011 837 4046 ιε.
856 3996 923 4060 Reg.
935 4010 958 4045 c.
974 3999 999 4043 t.
1015 3999 1043 4042 et
1060 3995 1085 4040 i.
1119 3989 1190 4039 iiiuc
1205 3987 1250 4036 diu

158 4089 313 4140 perennare,
333 4084 362 4127 ut
381 4079 496 4142 loquitur
515 4077 586 4126 suet.
597 4077 630 4126 tle
647 4073 687 4126 ul-
725 4087 797 4124 mono
808 4073 851 4123 lile
863 4079 1008 4138 protonolo
1019 4069 1122 4118 lrabltua
1134 4075 1182 4124 cot,
1193 4081 1250 4132 grn-

159 4160 231 4202 matu
242 4154 355 4216 quodam
367 4154 425 4203 ioco
444 4152 512 4217 apud
529 4151 688 4215 Theoplrraa·
726 4150 869 4213 lioremquc
881 4148 907 4196 in
919 4161 951 4195 co
966 4143 1021 4193 iore
1038 4142 1136 4195 numini
1153 4143 1250 4192 cultum

161 4233 215 4276 inm
226 4227 598 4292 Gazainlotpreiotur.1dem.
721 4224 877 4290 judicatum.
898 4219 1041 4296 'Nondum
1065 4227 1150 4270 tamen
1178 4232 1250 4268 auona

195 4301 323 4354 Neclliom
340 4304 466 4367 quidqaom
484 4302 550 4352 oliuo
565 4315 634 4364 quum
651 4317 688 4350 ca·
726 4295 783 4361 ipae
796 4311 843 4362 pro
854 4295 955 4346 nurnine
967 4289 1125 4344 lrobebotur':
1138 4307 1250 4343 nonmu-
