3014 4886
142 441 144 446 ,
277 390 365 458 1794
583 399 779 458 nncnnsus
804 374 1027 454 nntrruuun

278 556 473 636 Heidelberg.
488 556 585 618 Plura
597 558 635 618 de
649 562 705 622 hac
718 561 766 620 ed.
780 559 844 618 rid.
853 578 902 638 ap.
919 556 1106 637 Freytaqium
1125 554 1155 612 in
1169 549 1322 630 Apparet
1336 544 1381 608 lit.
1412 639 1418 648 .

276 655 313 716 T.
329 671 384 714 111.
399 675 428 734 p.
442 659 514 713 655.
529 675 594 734 sqq.

316 756 398 813 1514
418 750 575 810 Suetonius
599 750 637 812 de
658 751 746 812 cleris
765 750 970 830 grammaticis.
1020 746 1097 807 cnm
1119 741 1224 802 Plinio
1249 739 1289 800 de
1316 740 1383 798 viris

276 846 437 908 illustribus
449 855 480 905 et
492 844 555 908 Jnl.
570 846 771 927 obsequente.
787 846 978 924 Argentorati
997 840 1078 924 apud
1099 837 1265 900 Matthiam
1288 837 1380 896 Schu-

277 944 393 1004 rerinm.
407 950 437 1002 4.
451 941 620 1002 —Ponoer
631 942 717 1003 Tom.
733 959 780 1002 vr.
795 963 825 1022 p.
838 948 888 1002 66.

318 1045 399 1100 1515
420 1037 458 1098 (l.
482 1038 615 1100 Suetonii
635 1037 802 1118 Tranquilli
822 1037 860 1096 de
880 1037 943 1097 vita
963 1035 1117 1096 duodecim
1131 1034 1286 1095 casarum
1302 1031 1381 1092 Libri

278 1152 344 1196 xri.
706 1193 709 1200 ,
814 1200 826 1210 ,

443 1231 594 1292 Caesareos
606 1252 749 1312 proceres,
764 1231 929 1310 inquorum
942 1248 1031 1307 regna
1042 1228 1177 1288 aecuudis

441 1325 619 1387 Consulibus
631 1327 742 1387 dudum
756 1325 897 1386 Romana
909 1325 1039 1404 potentia
1051 1325 1147 1392 cessit,

440 1421 558 1502 Accipe
570 1423 617 1482 bis
629 1443 724 1494 senos,
738 1443 793 1482 sua
806 1441 951 1502 quemque
963 1421 1128 1482 monastica
1138 1420 1247 1498 signat.

441 1519 575 1586 Quorum
589 1540 642 1599 per
654 1519 774 1599 plenam
787 1519 893 1578 seriem
905 1517 1063 1586 Suetonius
1074 1516 1145 1576 olim

439 1610 587 1685 Nomina,
599 1635 645 1674 res
658 1623 766 1692 gestes,
778 1615 930 1694 vitamque
942 1614 1114 1692 obitumque
1126 1611 1250 1692 peregit.

278 1707 359 1768 Haec
372 1707 403 1766 in
415 1707 522 1770 fronte.
559 1708 613 1770 Ad
626 1710 757 1770 calcem:
779 1721 787 1744 ⁴
803 1709 841 1770 C.
856 1709 987 1770 Suetonii
999 1708 1164 1787 Tranquilli
1173 1704 1210 1768 de
1224 1703 1382 1766 duodecim

277 1804 501 1884 imperatoribus
514 1803 589 1865 linis.
631 1804 834 1884 Argentorati.
857 1803 906 1864 Ex
926 1805 1053 1865 AEdibus
1070 1803 1210 1864 Matthiae
1224 1802 1384 1866 Schurerii.

277 1920 376 1960 manse
390 1899 512 1960 Martio.
527 1917 566 1959 nr.
582 1917 615 1960 n.
631 1917 689 1962 xv.
712 1911 852 1979 regnante
871 1901 1052 1980 Imperatore
1071 1900 1148 1959 (1111.
1172 1897 1386 1960 Maximiliano

277 1995 319 2055 P.
335 1995 370 2054 F.
386 1993 478 2074 Aug!
490 2002 521 2055 4.
532 2028 574 2042 -
585 1995 725 2056 Servatur
738 1996 767 2054 in
783 1996 927 2058 Bibhoth.
941 1997 1099 2075 Argentor.
1121 1995 1279 2074 Repetitio
1302 1993 1382 2052 ride·

278 2097 324 2150 tur
337 2109 399 2150 esse
411 2089 554 2162 Juntinoe,
567 2091 639 2172 qnia
651 2091 754 2151 Tuccii
769 2092 904 2171 p'raelatio
917 2093 1072 2174 praeposita
1083 2101 1138 2162 est,
1151 2090 1208 2152 etsi
1220 2090 1260 2150 ab
1282 2109 1320 2148 ea
1340 2089 1382 2148 in-

278 2184 393 2246 terdum
406 2187 436 2244 in
450 2186 565 2246 laribus
577 2187 665 2246 rebus
676 2186 819 2248 discedat.

317 2319 359 2330 —
380 2284 418 2344 C.
441 2285 572 2344 Suetonii
584 2284 751 2367 Tranquilli
764 2287 833 2346 vine
840 2285 996 2346 duodecim
1006 2286 1156 2348 Caesarum
1163 2284 1383 2364 diligentissime

278 2379 543 2458 recognito-In
564 2380 642 2440 line:
674 2380 873 2461 ‘Imprestnm
899 2381 1067 2452 Florentino,
1097 2401 1187 2461 opera
1207 2389 1239 2442 et
1267 2389 1383 2460 sumptu

228 2477 238 2492 ⁸
278 2475 415 2556 Philippi
443 2475 554 2536 Juntae.
575 2476 667 2540 Anno
689 2497 707 2535 a
729 2476 899 2537 Nativitate
922 2495 954 2537 n.
969 2494 1027 2536 111.
1049 2497 1137 2557 supra
1157 2475 1248 2536 mille.
1281 2475 1382 2536 Mense

278 2567 394 2628 Martii.
426 2571 525 2630 Leone
547 2570 663 2630 decimo
685 2571 857 2634 Pontifice’
878 2573 1087 2635 8.-Panzer
1106 2571 1193 2634 Toni.
1211 2587 1278 2632 vn.
1291 2591 1322 2650 p.
1335 2577 1381 2632 21.

279 2661 433 2742 Repetitio
444 2663 491 2722 ed.
505 2664 637 2724 Juntinse
653 2672 741 2726 1510.

316 2790 358 2802 -
379 2759 536 2818 Suetonius
555 2759 594 2818 de
614 2759 702 2820 claris
724 2761 936 2822 Grammaticis
955 2773 987 2824 et
999 2763 1193 2837 Rhetoribus,
1206 2785 1279 2824 cum
1292 2762 1383 2822 Plinii

277 2850 431 2930 Epistolis,
444 2858 501 2914 &a
524 2853 695 2927 Florentino,
710 2877 759 2937 ap.
774 2857 859 2918 Phil.
874 2859 1005 2920 Jnntam.
1020 2869 1049 2920 6.

469 3041 593 3102 AE'TAS
616 3044 664 3105 11.
688 3045 1186 3112 EGNATIO-ERASMIOA.

722 3152 936 3210 1516-1594.

317 3285 418 3351 Quam
440 3297 507 3366 post
526 3290 558 3350 J.
582 3291 674 3373 Bapt.
698 3295 872 3374 Egnatium,
887 3298 1009 3358 Aldinae
1025 3316 1048 3358 1.
1063 3307 1241 3370 curatorem,
1255 3299 1382 3360 condidit

276 3379 317 3438 D.
333 3381 474 3444 Erasmus
495 3385 602 3449 Roter.
647 3392 723 3452 Post
749 3393 816 3453 illos
831 3397 975 3474 juverunt
996 3395 1152 3456 lectionem
1173 3398 1381 3457 Suetonianam
1478 3411 1479 3449 i

274 3472 426 3536 Robertus
439 3481 618 3562 Stephanus,
633 3487 732 3548 Henr.
747 3489 931 3566 Glareanus,
939 3491 1054 3553 Theod.
1065 3492 1267 3564 Pulmannus,
1276 3505 1309 3554 et
1322 3493 1380 3552 Lae-
1477 3531 1478 3554 n

273 3566 357 3624 vinus
368 3569 548 3637 Torrentius.

313 3664 394 3720 1516
416 3664 533 3729 Aldina
548 3688 571 3731 1.
594 3673 633 3732 In
647 3677 703 3738 hoc
725 3679 875 3742 volumine
896 3683 961 3743 haec
981 3686 1175 3746 continentur.
1199 3683 1238 3744 C.
1254 3683 1381 3744 Suetonii

271 3750 439 3835 Tranquilli
457 3779 524 3823 xit.
545 3765 688 3831 Caesarcs.
732 3776 817 3834 Sexti
845 3776 962 3838 Aurelii
988 3779 1121 3840 Victoris
1154 3800 1174 3839 a
1194 3779 1238 3839 D.
1268 3779 1381 3838 casare

270 3844 409 3924 Α11611810
422 3872 515 3936 usque
529 3859 570 3919 nd
579 3861 777 3928 Theodosium
790 3883 942 3956 excerpta.
965 3875 1103 3956 Eutropii
1115 3875 1158 3936 de
1167 3876 1259 3956 gestis
1271 3875 1380 3934 Roma-

270 3953 372 4045 norum
399 3945 466 4007 libri
495 3970 530 4012 x.
562 3955 655 4019 Pauli
670 3962 798 4024 Diaconi
820 3967 887 4028 libri
910 3986 988 4032 v111.
1011 3971 1050 4032 ad
1073 3972 1210 4053 Eutropii
1237 3971 1380 4030 historiam

270 4025 485 4102 addrtr.’-In
498 4048 600 4110 calce:
623 4055 780 4118 ‘Venetiis
792 4062 821 4119 in
845 4059 958 4126 aedibus
979 4067 1054 4127 Aldi
1076 4078 1108 4127 et
1128 4067 1265 4128 Andreae
1288 4067 1379 4126 Soceri

269 4133 366 4180 ΜΨ
380 4127 524 4210 *11161310
539 4153 773 4213 1111111136-
783 4155 877 4220 Hanc
900 4161 1058 4223 editionem
1080 4165 1197 4225 curavit
1219 4163 1272 4224 Jo.
1295 4163 1379 4244 Bapt
