3010 4888
466 458 498 504 n.
520 441 699 505 suuunnn
726 439 922 508 u'nnounss.
1153 427 1243 512 1667'

147 609 238 660 egens,
270 593 317 645 aed
350 593 450 660 sagittis
477 593 673 655 formidabilem,
710 597 790 663 pedes
812 597 994 652 efferebsntur.
1021 601 1129 653 lbrrest.
1169 601 1235 655 Tan·

144 671 287 735 Imperium
307 672 425 720 lacessat.
443 671 552 722 Turrem.
586 670 635 724 Est
646 681 673 723 et
710 689 785 740 quiam
799 677 870 726 Nero
883 679 966 728 Oreos
983 677 1181 742 significaretur,
1193 681 1237 748 qul

146 747 227 796 Paeeu
249 747 357 810 hymnus
375 747 401 795 in
423 747 522 797 laudem
544 748 673 814 Apollinis
710 751 878 800 seruatoribus
893 751 1004 801 ducebat
1018 754 1107 818 pedes,
1122 769 1179 805 cum
1191 751 1236 806 Se·

144 823 177 871 acl
189 822 360 872 amoliendum
371 823 472 888 aliquod
484 825 577 873 malum
590 825 673 875 morbi
711 825 842 874 natoribus
852 824 921 875 foret
931 825 1119 892 infestissimus,
1128 844 1236 896 cumque

147 899 188 947 uel
199 899 258 947 belli
267 915 275 959 ;
285 905 312 947 et
324 897 478 961 generalius,
489 900 605 962 hymnus,
614 915 673 949 can·
711 900 828 948 ortlittetn
839 901 998 952 sublaturum
1016 917 1043 952 se
1058 905 1210 972 quaudoque
1221 921 1236 956 e

146 974 225 1023 ticum
246 975 350 1022 latratus
372 973 542 1036 Glossarium,
559 974 673 1037 παιανίζω
713 977 1038 1039 Republieamiultaretor.
1065 981 1160 1032 Itidem
1171 983 1237 1032 Ver·

144 1065 196 1109 oro,
208 1053 293 1097 conlo:
309 1063 365 1113 qme.
386 1047 541 1112 significatio
558 1051 673 1114 inprimis
712 1065 752 1100 res
768 1066 784 1099 a
799 1053 925 1102 cicerone
938 1055 970 1102 ob
982 1055 1173 1106 similitudinem
1184 1057 1237 1108 dic·

144 1125 214 1198 ltunc
226 1127 311 1175 locum
322 1124 443 1174 illustrat.
712 1132 753 1174 tus
766 1131 805 1175 est
816 1127 883 1176 alter
893 1127 986 1178 Orcus.
1003 1129 1113 1180 Remis

179 1199 257 1249 Roma
267 1199 409 1265 domasstei]
424 1198 462 1248 Ad
471 1201 606 1250 usandum
617 1201 673 1250 lox·
744 1201 858 1253 Saunium
866 1207 938 1266 gesto
948 1205 1052 1268 notaret]
1071 1205 1112 1258 Ob
1124 1207 1236 1257 Neronis

145 1277 255 1326 nriosarn
278 1277 391 1326 Neronis
411 1275 521 1332 dornum,
548 1273 580 1323 ‹le
600 1278 675 1340 cujus
712 1278 737 1328 in
756 1279 877 1330 Senatum
890 1281 995 1342 orllum;
1012 1281 1044 1330 de
1061 1291 1236 1346 quoanteoa-
1268 1285 1271 1294 '

145 1352 325 1416 magnitudine
340 1365 419 1415 supra
434 1353 595 1414 memoravit,
614 1369 673 1418 ossa,
712 1353 767 1416 pite
779 1357 819 1403 at.

145 1436 176 1477 nt
189 1430 272 1492 lnqnlt
280 1428 394 1483 Tacitus,
405 1427 563 1484 ‘Palatium
572 1435 598 1478 el
609 1431 683 1502 Mag
743 1427 811 1479 cm.
822 1432 864 1479 lo.
881 1431 948 1480 Duce
957 1432 1024 1482 Jutto
1039 1417 1150 1496 liano]
1166 1435 1237 1484 'l'reis

144 1505 246 1553 eruatis
261 1505 346 1552 hortos
366 1505 437 1554 Nero
456 1501 673 1554 concinnaverat!
710 1506 850 1552 a'ssettoses
863 1505 970 1555 Romani
986 1505 1093 1570 Imperii
1110 1508 1239 1558 extincto·

145 1577 672 1644 lgitnr,proptermagnitutlinemrtlari·
711 1589 804 1641 resqrse
825 1577 936 1628 Neronis
948 1579 1061 1642 junctim
1080 1582 1174 1632 locavit
1191 1583 1239 1633 Jo-

144 1651 673 1717 tatem,baecrlomnsNeroniananonesse
711 1653 819 1714 venulis,
840 1654 882 1702 ubi
894 1656 947 1703 aits
963 1655 1048 1706 'Quiri
1069 1658 1137 1706 enisu
1156 1657 1241 1721 Virgi-

145 1732 171 1780 in
183 1731 245 1780 urbe
258 1733 350 1792 lioma,
359 1729 403 1780 sed
417 1731 495 1794 ipsam
513 1731 618 1781 Romam
631 1745 672 1780 ca·
710 1729 767 1776 nius
779 1729 856 1777 aroris
868 1729 967 1779 Debuit
979 1729 1067 1781 ulcisci
1084 1733 1175 1796 magis,
1194 1741 1240 1782 aut

145 1821 218 1871 pere,
229 1807 374 1856 ridebatur.
393 1807 506 1856 Beroald.
711 1819 769 1856 cum
781 1807 889 1855 Vindice
900 1805 1016 1856 Galbu?'

95 1904 98 1908 ·
182 1883 251 1932 Veios
267 1884 371 1945 migrate
389 1881 508 1944 Quirites]
530 1878 607 1932 Veios
627 1882 672 1932 mi·
741 1882 774 1931 'rb
784 1879 890 1946 τέχνιον]
910 1882 1037 1945 Apparet,
1057 1883 1187 1932 senarium
1202 1897 1240 1932 es-

145 1969 221 2020 grare
228 1958 313 2022 jubet,
324 1965 352 2006 nt
363 1957 433 2006 Urbe
450 1957 559 2007 aGallis
572 1966 673 2007 vastata
711 1969 748 2017 se,
766 1969 840 2022 quiem
853 1957 917 2007 citat
929 1957 1077 2016 sociemur,
1089 1957 1133 2007 scd
1146 1971 1240 2022 pauca·
1339 2017 1343 2027 Ι

144 2033 238 2084 facturi
258 2032 371 2093 luserant,
390 2033 439 2082 uisi
458 2033 673 2084 Camillusobsti·
711 2035 767 2082 mul
789 2031 945 2096 syllabarum
968 2035 1172 2082 commutatione
1195 2034 1239 2084 de·

144 2113 228 2161 tisset.
246 2112 336 2161 Livius·
346 2111 391 2158 lib.
404 2121 430 2158 v.
449 2107 556 2176 Torreat.
711 2114 853 2179 prayatuin.
881 2109 1008 2156 Fortassis
1018 2109 1056 2158 sic
1068 2109 1240 2159 restituetur:

180 2187 250 2244 Qtturl
266 2187 367 2250 Nauplii
384 2185 445 2236 orale
462 2183 518 2234 bene
537 2185 674 2246 cosumus,
710 2183 1016 2245 Τδτίχνιόνγιπᾶσαγαΐ
1025 2181 1158 2247 ἀνατρέφει.
1180 2185 1241 2232 Fet·

143 2277 187 2312 sas
204 2263 262 2320 Mon
280 2265 340 2312 mole
359 2259 505 2326 disponeret]
524 2259 623 2310 Allutlit
641 2261 673 2310 su
713 2263 756 2309 tilr
775 2263 845 2310 iuter
863 2261 1015 2310 Graecorum
1033 2261 1174 2309 sententias
1195 2261 1241 2308 hu·

144 2339 296 2400 tragediam
320 2337 431 2401 aliquam
450 2336 482 2385 ule
500 2333 613 2399 Nauplio
633 2335 674 2384 rel
708 2336 823 2400 jusmotli
842 2335 967 2395 senarius,
985 2335 1018 2384 ab
1035 2335 1084 2384 boe
1102 2333 1241 2399 proverbIo

145 2411 295 2475 Palamede,
305 2422 380 2476 quiam
401 2411 482 2473 Nero,
498 2411 564 2458 inter
578 2412 675 2459 e'aetera'
712 2422 763 2462 nou
780 2411 917 2461 sdmndtsm
939 2409 1079 2460 dissidens:
1097 2409 1169 2470 Λιμὴν
1185 2409 1241 2457 bro·

144 2489 289 2538 l'abttlarnm
309 2495 470 2552 argumenta,
489 2485 522 2535 de
539 2486 634 2550 quibus*
648 2485 674 2533 ln
711 2488 769 2551 χίας
786 2485 853 2537 torio
873 2487 997 2550 &Operose
1017 2486 1100 2549 τέχνη.
1122 2487 1241 2534 Erasmus.

144 2577 243 2628 gruere
264 2565 360 2614 (lictum
384 2564 471 2626 capite
494 2565 536 2612 21.
562 2560 675 2610 saltavit.
713 2561 746 2614 Iri
768 2561 841 2614 librls‘
862 2565 913 2614 suis
936 2565 1034 2627 reperit
1051 2561 1195 2624 Turnebus,
1212 2563 1241 2611 rb

144 2639 316 2690 Palamedem
355 2641 515 2703 scripserant
555 2635 680 2685 certatim
711 2643 823 2702 r'cxrdou’
841 2639 903 2701 ἡμᾶς
921 2636 1054 2704 διαθρέψαι
1084 2653 1104 2688 ι’
1120 2653 1171 2702 quo
1194 2652 1240 2688 nec

144 2715 218 2764 millii
232 2715 320 2764 Gtaeci
339 2713 475 2777 Lulittiqtle
495 2709 597 2774 il'uffltl.
629 2707 684 2778 So·¹
713 2713 961 2766 Salmasianusabit.
1019 2769 1023 2774 v

145 2793 251 2856 pbocles
270 2791 295 2840 in
316 2792 364 2853 luis,
384 2789 456 2852 cujus
474 2788 553 2836 eliam
570 2785 675 2835 allutea·
747 2793 859 2840 Consulto
878 2791 977 2854 Delphis
987 2780 1110 2854 Apoliiii'e]
1136 2783 1241 2840 Adime.

146 2869 219 2917 tabat
232 2865 327 2928 fabrile,
344 2865 384 2916 cui
399 2857 608 2936 indeterminatos
617 2881 674 2926 rvp
713 2863 774 2916 dum
789 2867 868 2930 igitur
883 2867 1006 2931 response
1017 2863 1080 2916 dare
1100 2865 1241 2930 Delphicus

144 2943 228 2996 rasin
241 2945 297 3008 ejus
310 2943 425 2993 meminit
434 2939 588 3008 Hesyclsltis'.
611 2936 683 2994 Seius
713 2942 763 2992 iste
784 2942 885 2994 daemon
904 2937 1090 3007 perseveravit.
1134 2940 1241 2993 Certum

147 3021 255 3090 tentiam
278 3019 368 3068 hornus
393 3018 529 3067 verborum
558 3015 678 3080 p'lsiribus'
714 3023 762 3080 est,
777 3019 833 3084 jam
845 3012 999 3067 titullo'a'riie
1019 3016 1148 3082 plerisque
1160 3017 1242 3066 subti-

146 3097 275 3159 expremit
287 3093 468 3142 Philostratus.
487 3091 587 3143 Canto.
714 3093 820 3144 llorilsus
833 3093 973 3142 sublest'n'm
986 3090 1154 3141 oraculorum
1166 3089 1246 3140 lidem'

178 3167 442 3232 ltouemoststmserm]
464 3157 523 3216 itur
534 3161 586 3227 est‘,
598 3165 674 3229 gesti·
715 3164 827 3218 liabitam
840 3167 930 3217 fuisse.
964 3154 1046 3216 l'riulio
1063 3159 1180 3232 qiraedam
1199 3163 1242 3228 pe·

147 3245 258 3298 cnlando
269 3254 434 3310 expresserat
447 3245 526 3294 rerb‘a
537 3242 590 3307 illa,
601 3242 675 3305 ὑγίαι-
714 3245 782 3294 uitus
796 3245 882 3294 saliere
895 3237 972 3293 r'clim
983 3242 1099 3290 humanis
1111 3239 1242 3289 dixeram.

147 3339 172 3371 re
189 3321 272 3386 πάτερ.
315 3319 346 3370 tu
367 3322 435 3370 enim
455 3319 607 3368 lilstrtomnn·
625 3327 676 3381 est,
715 3320 871 3385 Delplsiouiu
883 3327 979 3381 tamen,
992 3314 1097 3368 Nerone
1109 3317 1242 3364 eonsrslen·

146 3399 190 3464 qui
200 3413 216 3447 a
226 3395 361 3460 multiplici
371 3393 601 3444 imit'atiolie-e‘tlam
612 3395 674 3456 pan·
715 3403 750 3451 te,
762 3396 875 3445 noudum
891 3395 971 3443 siluit.
1003 3389 1056 3441 Seri
1069 3399 1095 3440 et
1109 3389 1243 3439 Plutarchi

146 3471 246 3522 tomimi
266 3471 439 3535 appellantur.
478 3467 550 3518 Hinc
568 3467 675 3518 venuste
715 3483 771 3519 aero
799 3469 885 3532 aliqua
907 3465 999 3515 saliem
1018 3461 1189 3528 superfuisse,
1210 3478 1242 3512 ex

145 3547 255 3598 Siteton.
274 3549 360 3612 rapite
378 3546 420 3597 ιη.
436 3543 602 3610 ‘gerliculari
619 3556 675 3592 car·
715 3545 772 3608 ips'o
794 3557 845 3592 uon
866 3542 977 3592 obscure
994 3541 1110 3602 colliges,
1135 3549 1162 3589 et
1185 3537 1247 3607 post⁴

147 3625 323 3674 mina'dixit.
343 3613 451 3672 Terreni.
537 3675 545 3690 ,
627 3675 631 3683 ,
714 3609 883 3670 Plutarchum
906 3615 1027 3666 nonnulle
1048 3615 1147 3665 ruinam
1171 3629 1242 3663 stram

182 3688 627 3760 Ulbibenteriinniuntemq'uesucere'i]
639 3691 677 3744 Ut
716 3695 846 3757 utcimque
879 3691 1038 3755 sustinuisse,
1072 3705 1105 3740 ex
1137 3688 1243 3741 Juliano

148 3779 309 3845 signiticaret
334 3766 470 3826 Claudium
497 3772 618 3828 bibendo,
642 3773 676 3821 Α·
715 3767 867 3832 Claudiano,
884 3766 1118 3832 aliisqueconslat.

147 3855 295 3918 grippinam
318 3851 431 3900 na'tando
451 3847 567 3912 periisse.
607 3843 677 3898 Nuus
746 3839 1092 3908 &ptumenmasiiocterttom
1103 3841 1242 3889 annomeo-

148 3929 259 3978 Clattclso
271 3935 397 3976 uenenum
416 3926 442 3974 in
462 3924 567 3987 potione
579 3921 678 3989 datum,
714 3921 814 3969 sinuum
824 3919 870 3968 sibi
881 3917 985 3981 audivit]
1010 3916 1125 3980 Deceplt
1141 3913 1243 3977 Apollo,

147 4015 198 4052 uon
206 4001 337 4057 inbole'to,
345 4009 374 4050 ut
382 3999 485 4072 nitidam
493 3999 675 4070 prodiderant:
715 3995 843 4059 ambiguo,
859 4000 887 4043 ut
896 4007 1006 4056 semper,
1016 4005 1139 4055 responso
1151 4004 1254 4040 raunm,

148 4077 216 4142 qnod
235 4084 264 4126 et
282 4088 360 4141 supra
377 4072 542 4140 Tranquillus
553 4074 676 4126 ostendit.
715 4071 902 4122 consultorem:
920 4083 950 4116 ao
965 4065 1075 4116 fortasse
1094 4065 1153 4115 talis
1170 4065 1243 4116 edita

149 4153 265 4203 nosue.
715 4144 879 4205 scafusensi,
895 4141 1039 4205 Ἓξηκοστδν
1058 4139 1119 4199 ἔται,
1137 4155 1242 4207 τρισκαι-

185 4229 261 4278 Oreas
269 4225 408 4278 wbirdueit
417 4225 498 4290 mdes]
520 4224 618 4276 Mortui
631 4229 678 4287 pc'r
715 4218 814 4270 binario
835 4235 863 4266 re
885 4215 1017 4278 φυλάττου.
1060 4219 1100 4268 lle
1127 4217 1241 4266 adventu
