3012 4870
457 419 688 476 njsunrnron
713 427 920 478 ocrnvruu.
1145 415 1240 484 leui·

134 567 179 627 lat,
189 565 292 616 ono«.
325 563 465 616 Lucanua²
474 582 520 617 een
531 570 588 634 quir
601 571 666 620 aliur
704 572 778 620 iamai
796 571 884 620 llome
895 567 1035 620 decederet
1052 570 1115 628 vita,
1133 585 1180 636 per
1191 571 1229 622 to·

136 645 170 692 ad
182 645 310 700 Pisonem,
320 657 355 694 ex
367 645 457 693 reteri
468 646 589 711 lectione,
599 647 665 696 ‘Sed
704 661 760 697 rum
768 648 873 707 elatum,
885 645 1067 696 Alexandriam
1078 647 1110 696 art
1121 647 1230 711 cleopa-

135 720 255 770 naiaernrn
272 733 354 783 parra
374 719 565 785 etipet'oeilat.¹
602 724 666 772 Pro·
704 730 770 773 trarn
779 724 935 774 mitteretur.
944 723 1077 772 Plutarch.
1100 723 1229 774 Codsel-

135 795 326 860 prie't'ncillare
343 804 389 848 eat
406 811 491 862 egrae
506 797 593 850 teucer
609 801 668 850 lena
704 814 768 850 mae.
786 801 854 856 Μ
870 801 892 848 io
910 799 991 848 riom
1006 799 1078 848 etiem
1093 801 1122 848 de
1133 801 1229 862 Choru-

135 871 257 934 apposita
267 870 368 933 furere,
388 881 420 925 ut
431 873 482 924 tuit
492 877 570 925 merie
581 891 587 923 ι
606 889 666 925 con·
705 881 752 939 tro,
762 875 842 925 fiterio
852 875 916 924 irater
925 875 1020 924 torredee
1033 875 1182 936 cammite,
1193 889 1231 924 re·

136 954 178 995 tra
189 944 303 996 effocare
313 947 426 999 dicimur
437 949 535 1012 teucer,
548 962 667 1014 premere
704 945 815 1017 liquerat

135 1021 168 1070 ad
189 1023 338 1084 pernitiem.
367 1025 472 1075 Goaoad.
514 1025 666 1091 Fooo'ttntenr]
737 1030 805 1079 luter
814 1028 1071 1094 lmedrrmcapniia]
1096 1030 1148 1081 Qui
1162 1029 1230 1080 ciret

136 1095 199 1156 Atii,
218 1095 333 1148 turture
358 1100 527 1162 probabilior,
550 1099 667 1152 focillare
706 1104 813 1170 Romam
824 1111 972 1168 uenerant,
983 1119 1032 1155 uec
1049 1110 1229 1155 tentamentum

135 1172 324 1224 diminutivum·
339 1173 441 1225 iaciunt
452 1191 468 1226 a
479 1174 594 1226 iocnlere
606 1177 667 1241 (eeu
705 1176 802 1233 tacere,
818 1193 867 1228 nec
884 1186 1042 1231 tertamento
1053 1186 1134 1231 letter
1151 1179 1232 1231 inter-

135 1245 260 1311 t'ocr'iare)
272 1249 340 1312 apud
360 1251 484 1312 Nonium,
499 1251 548 1300 lroc
564 1258 614 1311 eet,
629 1251 668 1300 t'o·
705 1267 772 1308 eree.
783 1267 869 1318 neque
879 1264 911 1304 etr
926 1256 1230 1322 tertementoquidquam

136 1335 206 1386 rere,
216 1324 313 1374 blando
323 1325 409 1376 miore
418 1327 577 1388 permulcere
589 1340 620 1374 ac
629 1341 668 1375 re·
706 1343 800 1392 erpere
816 1335 947 1393 poterant.
982 1329 1014 1379 ld
1032 1330 1100 1394 qnod
1118 1331 1143 1379 in
1159 1331 1231 1381 librir

136 1395 224 1448 t'reere.
244 1399 270 1448 irt
291 1409 377 1450 autem
396 1415 447 1450 non
465 1399 572 1457 alena,
589 1400 633 1449 red
651 1415 668 1450 a
705 1405 773 1456 J.C.
795 1404 918 1468 peritum,
938 1406 1071 1455 Ciceronir
1090 1406 1168 1456 etiam
1188 1423 1232 1456 ιιι-

136 1472 218 1531 toene.
231 1473 450 1538 (contemuitur.
484 1477 605 1525 l'aeternm
622 1491 669 1540 pro
707 1481 832 1530 thoriinte
862 1481 937 1530 rideo
967 1481 1173 1546 comprobatum.
1207 1483 1232 1531 lr

130 1549 268 1607 socitiatarrr
280 1551 410 1600 tumulti
425 1551 508 1601 codex
525 1552 602 1601 habet
617 1553 668 1612 sol·
706 1556 774 1606 enirn
791 1557 909 1606 Archiam
926 1557 1035 1606 Puerum
1056 1559 1138 1606 cirronr
1157 1560 1230 1608 Rom.

135 1627 218 1675 litem
238 1627 308 1676 unde
319 1627 500 1690 ipresoioituer‚
514 1636 559 1677 ant
570 1629 668 1690 solim,
706 1631 793 1690 tutore,
807 1646 839 1681 eo
857 1640 1009 1696 argumento
1027 1629 1151 1694 oetendit,
1163 1635 1231 1697 quod

135 1704 440 1767 prosdtu‚legendum
456 1703 574 1767 prrtalret.
592 1705 668 1754 Bora.
705 1707 864 1756 hereditare·
878 1708 986 1757 ediirtet
1004 1709 1097 1758 civium
1117 1709 1191 1758 lione.
1204 1717 1232 1758 et

168 1779 334 1840 nosram
352 1779 506 1828 eamneioili
524 1780 598 1842 more]
626 1780 668 1829 ln·
706 1783 825 1832 AEbutlur
838 1782 957 1845 negabat,
969 1775 1100 1833 cecinam
1112 1785 1232 1834 Volater-

137 1855 232 1918 telligit
245 1854 317 1905 tacte
328 1856 434 1905 Antonii
446 1864 535 1905 contra
543 1857 669 1922 majorum
707 1872 806 1921 renum,
818 1865 846 1908 nt
857 1857 924 1907 idem
937 1859 962 1907 in
980 1857 1132 1908 detentione
1150 1859 1233 1908 Ceci-

137 1931 260 1980 inatitnta
289 1939 318 1982 et
346 1933 499 1994 gravitatem
520 1933 669 1990 ltorueuaru,
706 1933 931 1993 neeait‚lreredem
950 1933 1062 1984 Cecinre
1077 1947 1231 1996 eerepoere,

138 2021 196 2070 qna
209 2005 334 2070 pluribus
351 2007 515 2070 explicantur
532 2008 564 2055 alr
581 2008 670 2059 illato·¹
706 2009 774 2072 quod
785 2008 965 2058 Volaterrani·
984 2009 1075 2057 ciritae
1092 2023 1108 2056 a
1119 2009 1148 2057 Ι..
1160 2007 1233 2070 Sylla

137 2083 207 2130 ricb.
223 2082 293 2130 Vide
304 2081 414 2132 Dionem
425 2082 498 2132 initio
509 2083 566 2132 libri
579 2097 604 2134 ι.
622 2087 670 2133 Co·
706 2082 835 2133 dictatore
846 2091 914 2132 erret
926 2083 1055 2147 adempte.
1071 2083 1157 2143 Sigon.

137 2159 203 2207 nal.
741 2157 944 2220 Neoeoritadlrrer]
959 2159 1026 2207 Bane
1038 2159 1178 2206 noceretur
1186 2170 1233 2219 pre

176 2233 351 2282 tarmen
358 2235 671 2297 npmieedamreeitarrdam·
704 2235 765 2297 jure
780 2232 917 2297 officioque
933 2231 1105 2281 observantie
1123 2229 1233 2280 effluita-

140 2307 471 2374 parprooorrtr'orreorrro'oit]
492 2313 534 2360 De
551 2313 601 2362 hoe
618 2313 671 2361 Αιι-
708 2312 795 2374 tirque
816 2309 964 2373 infrequens
992 2314 1050 2361 eet:
1079 2321 1232 2372 quanquam,

141 2389 212 2448 garri
231 2384 303 2435 tacto
320 2385 439 2450 equidem
454 2387 491 2436 ric
501 2387 630 2450 eximino,
642 2393 672 2436 nt
707 2385 752 2449 (tui
762 2385 797 2434 ob
808 2385 856 2434 lroc
865 2384 948 2448 iprum
960 2383 1003 2446 jur
1015 2381 1148 2432 affinitatis
1160 2379 1233 2430 sami-

138 2462 210 2510 'arter
225 2461 348 2525 exempla
366 2475 465 2523 magun
483 2461 612 2524 cnjnadam
624 2463 670 2512 tnr-
707 2461 860 2512 llerttatiere
869 2461 1001 2524 conjuncti
1015 2467 1085 2521 aunt,
1096 2459 1234 2508 necerraril

138 2537 276 2590 ιιιιιιίιιιίι
287 2534 450 2586 referendum
460 2549 589 2586 eenrearn.
613 2535 671 2584 Pri·
707 2537 839 2596 dicuutur,
857 2537 962 2599 repperi
979 2543 1065 2584 tamen
1078 2534 1104 2582 in
1116 2535 1233 2584 oratione

137 2627 208 2662 nannr
219 2612 281 2676 qnia
298 2619 390 2661 contra
404 2611 448 2674 J'ur
462 2618 560 2660 nature
578 2618 626 2668 eet,
641 2615 672 2658 ut
708 2613 739 2662 C.
747 2611 867 2674 cerarii,
875 2627 925 2676 que
933 2610 1064 2659 Plautiam
1072 2610 1232 2673 rogetionern

138 2687 219 2737 retina
231 2686 323 2735 alienia
335 2699 383 2735 noa
402 2685 600 2746 immlecearnna,
613 2699 670 2749 qua
706 2686 796 2742 auerit,
814 2687 997 2735 neeeeritatem
1014 2677 1111 2733 dictem
1130 2697 1177 2747 pro
1188 2699 1232 2734 ne·

139 2762 459 2824 adnoanllrilpertiuent.
491 2760 672 2811 multominus
708 2760 877 2812 certitudine.
894 2759 1077 2811 Auloelline.
1138 2754 1139 2758 ’

138 2853 245 2905 aeqnnm
257 2839 369 2900 videtur,
383 2851 441 2902 que
459 2839 493 2888 alt
511 2837 617 2901 alicnjnr
634 2838 670 2885 ri·
741 2837 772 2885 lrr
789 2836 948 2886 Antoniorum
966 2827 1088 2896 olieamta]
1114 2831 1172 2882 Mne
1184 2831 1234 2884 ruit

138 2913 224 2966 nentia
235 2912 396 2978 valentuqne
411 2912 528 2960 voluntat
540 2912 670 2975 ruperim,
708 2912 776 2975 apud
789 2919 901 2975 vererer,
912 2919 943 2962 ut
954 2910 1063 2976 quilibet
1077 2909 1187 2972 populor
1202 2923 1234 2959 ee

139 3003 200 3054 qna
220 2997 281 3052 poet
297 2993 407 3038 mortem
426 3001 497 3036 ruam
519 2986 575 3038 deri
598 2989 670 3052 velit,
708 2988 780 3037 natio
802 2988 890 3037 Κοιιιε
908 3000 981 3036 auum
999 2991 1134 3049 patronum
1158 2983 1235 3034 habe·

138 3072 271 3126 satagere.
283 3063 459 3112 Plutarch.ait
468 3063 548 3112 rianm
558 3063 606 3112 lroe
616 3063 671 3114 tee-
707 3071 765 3113 ret:
777 3063 1026 3127 itasyraeneanoein
1034 3061 1155 3110 clientela
1163 3060 1235 3109 itur-

140 3148 195 3189 tani
206 3136 483 3188 numerum.
508 3138 670 3202 Ilioquoqne
707 3138 832 3188 eelloruru
852 3137 933 3189 t'uiare
949 3137 1074 3200 legimur:
1098 3135 1136 3184 ita
1154 3136 1235 3185 Lace·

140 3213 418 3278 mamma
435 3219 519 3262 aneat.
552 3212 670 3275 Ampliur
707 3213 848 3266 demonico
864 3213 891 3263 in
911 3213 1034 3264 clientela
1051 3211 1232 3261 Claudiorum:

140 3290 211 3351 dico,
227 3290 324 3352 capital
341 3288 478 3338 admiarnnr
495 3287 671 3338 uerri-run
707 3291 744 3339 ite
753 3288 907 3354 Allobrogas
914 3295 1048 3353 patronum
1056 3285 1176 3335 habnieee
1185 3287 1235 3334 Fa·

140 3367 189 3417 hec
203 3363 305 3414 t'actnnr
323 3363 423 3428 legibue
439 3363 579 3414 Romanie:
598 3369 670 3412 tene·
708 3365 778 3415 bium
788 3366 911 3430 Sangam.
928 3364 1042 3414 Beroald.

142 3449 217 3492 retnr
233 3441 303 3491 enirn
315 3453 392 3504 prena
407 3438 472 3502 legia
487 3438 625 3492 Corneliae,
636 3437 670 3486 de
742 3441 854 3490 Grottem
868 3439 931 3500 feeit
953 3436 1092 3500 ompurmrdi
1112 3449 1164 3483 oum
1183 3439 1234 3483 toto

141 3516 211 3567 talaia
228 3518 281 3580 leg·
297 3529 317 3564 ι.
333 3517 369 3564 D.
381 3513 414 3562 ad
430 3514 513 3578 legem
525 3513 669 3562 Corneliam
709 3517 782 3567 ltolr'o
791 3530 834 3580 pro
851 3513 961 3578 portitat
970 3513 1031 3575 rato]
1047 3511 1157 3560 Plautus
1175 3517 1183 3539 ‘
1190 3510 1237 3573 ju:

142 3595 174 3645 de
189 3593 264 3644 selei·
283 3593 333 3657 les·
349 3603 472 3648 milli·
482 3587 510 3641 ff.
522 3590 560 3640 ide
578 3590 670 3653 poento.
709 3595 745 3643 rie
758 3592 866 3656 jurandi
878 3590 986 3655 gratiam
999 3585 1103 3642 tacerel
1116 3593 1234 3636 extremo

141 3671 226 3732 'l'ncco
238 3667 361 3718 violetur
378 3665 494 3714 Deorum
512 3665 671 3728 religionem
709 3669 839 3723 Rudente,
851 3679 897 3730 pro
909 3664 1079 3726 ajurementn
1090 3661 1233 3724 elraolrere,

143 3758 253 3812 qnorum
284 3740 463 3792 sacerdotibus
493 3739 671 3802 semiinimir,
709 3740 884 3806 et‘pernrrire
896 3738 1005 3804 gratiam
1020 3735 1127 3798 tacere,’
1136 3750 1182 3799 pro
1194 3750 1234 3784 re·

143 3819 286 3888 virginibne
301 3817 460 3872 venaliter,
477 3816 605 3866 Antonine
622 3816 671 3865 lroc
709 3817 812 3866 mittere
825 3815 901 3876 dixit,
911 3821 941 3863 ut
956 3814 1065 3874 Senece,
1081 3812 1149 3859 ‘Dio
1161 3814 1234 3859 uoto·

145 3903 331 3948 tentamentum
343 3894 515 3944 commiserat.
534 3891 606 3941 ldeea.
709 3905 764 3942 rum
775 3891 885 3956 gratiam
902 3885 1008 3948 tacere:
1027 3885 1111 3948 Epiri.
1130 3896 1158 3932 x.
1176 3883 1234 3931 llor-

175 3975 360 4036 Decuopotrae
370 3970 464 4034 Ιίὸιήι]
490 3971 529 4019 De
541 3969 598 4032 ipra
608 3981 671 4032 quo·
708 3971 771 4017 reni.
802 3965 938 4016 ‘Gratiam
950 3959 1102 4025 coniurandi
1112 3956 1196 4018 tecit,'
1208 3958 1233 4006 lrl

145 4063 194 4114 que
213 4050 358 4112 Cleopatra
369 4046 397 4096 in
408 4046 560 4095 tentamenti
577 4043 616 4094 oni
632 4050 671 4093 te-
710 4050 759 4105 ert,
771 4041 887 4106 permirlt
898 4040 943 4102 etr,
955 4052 986 4087 ne
1005 4049 1063 4085 cunr
1082 4040 1139 4083 tota
1157 4031 1235 4083 ltalia
1339 4056 1343 4064 ·

145 4125 212 4176 balio
219 4129 313 4188 egerat
321 4120 459 4171 Antonine.
475 4119 506 4169 ld
516 4118 582 4169 eninr
592 4118 672 4168 marri-
710 4131 757 4181 pro
773 4115 891 4181 pertibus
910 4113 963 4161 ruie
981 4111 1155 4175 conjurarent.
1172 4109 1233 4158 lirr-

145 4215 183 4250 eae
201 4201 313 4264 urgebat
330 4197 428 4249 Cercar.
440 4194 508 4260 qnod
523 4193 557 4242 de
575 4207 671 4242 reare·
708 4193 760 4242 art.

146 4274 389 4342 paltnrajaeeirret,
400 4278 428 4335 nt
439 4285 532 4332 corpur
543 4281 625 4330 enum,
633 4275 672 4317 et·
740 4265 811 4330 Apud
822 4260 997 4324 tollemini]
1015 4261 1056 4312 tu
1066 4261 1114 4311 irae
1126 4259 1234 4310 victoria

206 4357 300 4420 nepe.
314 4359 340 4404 et
352 4351 413 4402 Ver.
426 4351 490 4399 Cirr.
646 4347 740 4396 Sertori.
1117 4345 1133 4390 e
1150 4341 1170 4390 s
