3012 4870
256 401 342 469 tout
598 414 706 464 roura
730 412 931 464 vartonus«
956 411 994 460 rrr
1012 425 1030 450 κ

257 557 391 614 aedicolam
405 557 486 608 instar
501 556 590 607 sacelli
609 563 783 607 constructam
819 554 875 620 sptt
892 565 999 605 cornuae
1020 545 1146 614 sepulcris
1168 543 1347 609 imponebant.

254 637 339 686 adhuc
364 649 511 700 superesse,
537 634 630 698 insigni
653 634 783 698 sepulcro,
818 631 895 683 Unde
906 630 966 693 splo
977 628 1092 692 indigere
1110 624 1236 676 dicebant
1249 619 1348 682 eosqui

256 725 350 775 magno
369 726 386 760 a
404 711 610 760 Mechunseteuis
631 709 726 760 honore
745 708 782 758 ef·
819 707 964 771 periculose
998 701 1170 768 egrotabant.
1214 695 1350 750 etutsrca

255 785 335 848 lecto,
353 785 553 846 memorabilem,
573 799 623 849 quo
640 783 783 834 Alexandri
820 779 1192 836 consonantissime.

254 863 341 925 magni
359 875 462 925 corpus,
479 859 570 910 summi
589 859 730 923 Propheta
752 873 783 909 sc
852 857 919 908 Nsors
933 863 957 906 et
976 853 1140 916 Ptolemaeum]
1168 850 1234 915 Lagi
1256 848 1351 908 filiunt

257 937 344 1002 Regis,
362 937 432 986 velot
451 936 476 984 in
489 935 618 985 Alcuranu
632 936 782 997 laguenas·
819 933 961 984 Alexandri
975 931 1065 994 Magni
1084 939 1274 979 successorem.
1312 923 1354 972 Ll-

256 1009 541 1061 serraiioonteudunt.’
558 1009 660 1060 Cosano.
696 1009 784 1058 Condi·
801 1042 804 1047 -
820 1009 912 1060 beuter
934 1005 1091 1059 Poenaelm
1115 1003 1232 1068 legerim.
1258 1001 1353 1050 nitirna

255 1087 354 1150 terium]
374 1087 427 1136 Per
438 1092 445 1115 ¹
456 1085 643 1136 condituriuru’
655 1085 696 1134 iric
708 1084 783 1136 iutel-
821 1086 922 1150 syllaba
936 1082 1112 1143 circumflexe,
1128 1095 1176 1145 pro
1191 1080 1352 1130 Ptolemeeo·

255 1163 302 1227 ligi
314 1177 364 1212 non
375 1160 510 1212 Strabonis
521 1159 656 1224 περίβολον,
674 1159 723 1208 lroc
734 1165 783 1222 est,
820 1175 876 1212 rum
889 1177 897 1212 s
912 1161 1032 1226 sequitur
1042 1157 1120 1220 enim,
1135 1158 1143 1185 ⁸
1156 1169 1245 1220 regern
1263 1155 1303 1202 ait
1323 1165 1352 1202 se

256 1235 401 1294 circuitum,
419 1237 445 1286 in
461 1234 784 1301 quureglaeerautsepul-
821 1236 930 1286 voluisse
951 1235 1052 1297 ridere,
1070 1247 1122 1284 nou
1144 1228 1276 1281 mortuos?
1317 1229 1354 1278 Et

256 1322 332 1377 turae,
348 1312 394 1364 sed
407 1313 508 1363 thecam
519 1313 573 1362 sire
584 1312 783 1360 loculamentum
822 1312 916 1376 alioqui
927 1311 966 1360 sic
978 1308 1116 1373 legendum
1129 1319 1188 1357 esse
1206 1319 1242 1354 ea
1263 1303 1354 1354 Dione

255 1385 783 1453 ipsum,argomentoest,quudlilndcum
822 1385 886 1436 libro
908 1399 965 1436 xer.
986 1393 1015 1436 et
1033 1384 1136 1434 Zonara
1157 1377 1355 1446 deprehendes.

256 1478 364 1528 corpore
377 1462 517 1512 Alexandri
527 1466 535 1491 ⁴
544 1463 672 1525 prolatum
681 1475 696 1509 e
706 1473 785 1523 pene·
823 1460 930 1510 emund.

256 1538 330 1589 traii'
347 1537 438 1589 scribit
451 1543 535 1588 sutor.
568 1538 689 1586 Lucanus
703 1549 731 1585 x.
743 1538 783 1584 19.
849 1535 904 1584 Nos
913 1534 1029 1597 meos]
1039 1533 1193 1584 Ptolemaeos
1203 1537 1285 1595 pota:
1296 1534 1357 1577 tan·

256 1615 350 1666 similia
362 1615 394 1663 de
404 1614 507 1662 Cerere
521 1619 603 1674 patre.
615 1612 692 1661 Bere.
821 1623 896 1674 qoem
908 1609 945 1659 ilii
957 1623 1018 1658 rere
1029 1607 1166 1658 mortaldo
1176 1618 1287 1671 qnorum
1301 1603 1358 1651 rita

291 1692 383 1740 Csror'rs
392 1689 476 1753 suren]
495 1689 596 1738 Vereor
613 1701 646 1736 ne
662 1686 718 1752 quis
730 1701 783 1736 mu·
821 1689 849 1734 et
863 1681 935 1734 obitu
948 1683 1045 1746 pariter
1055 1683 1157 1732 siletur.
1189 1679 1267 1728 'l'alrs
1278 1677 1356 1726 nimi-

257 1765 353 1817 laverit
366 1778 451 1814 reram
464 1764 576 1814 aucturis
588 1765 741 1826 scripturam
750 1777 784 1813 ex
821 1774 875 1809 rum
888 1757 961 1808 fuere
978 1756 1126 1812 Ptolemei.
1138 1755 1181 1819 qni
1191 1767 1283 1804 ornnes
1294 1757 1357 1815 post

256 1840 352 1890 nostris
367 1839 491 1900 moribus,
504 1838 596 1902 qulbus
613 1851 722 1887 coronas
740 1852 784 1886 sn·
821 1836 925 1886 tortium
944 1835 1010 1883 orale
1029 1833 1160 1888 vixerunt,
1175 1829 1277 1879 deliciis
1295 1842 1358 1878 cor·

257 1929 315 1966 reas
336 1913 441 1975 regibus
464 1913 614 1975 imponunt:
634 1910 703 1976 quod
723 1919 784 1962 tunc
820 1910 907 1971 rupti:
919 1908 1030 1958 omniurn
1040 1919 1102 1956 reru
1114 1905 1359 1969 pessimequartue,

257 1988 382 2052 temporis
409 2000 484 2036 secus
513 1994 581 2036 erat.
619 1986 784 2049 Quapropter
821 1982 1279 2050 etseptimus,etuitimusAuletes.

257 2065 335 2128 piane
356 2063 418 2112 mint
437 2061 582 2126 persuadeo
599 2059 681 2109 luisse
700 2074 785 2128 morso
853 2058 1128 2124 Ismomwioesormom
1138 2054 1245 2118 redegit]
1257 2055 1358 2118 Βω-

257 2141 347 2189 lrurea·
379 2137 432 2188 Cur
443 2136 511 2186 enim
530 2136 695 2186 coronaverit
706 2134 784 2184 Ales·
821 2141 862 2186 tus
886 2149 954 2187 nuuc
975 2134 1109 2199 provincie
1131 2142 1181 2195 eet,
1208 2139 1237 2181 et
1255 2133 1359 2180 trilsrrta

257 2210 786 2275 andrumAugustuslltunoris,pulmgra·
821 2212 931 2262 maxima
943 2210 1045 2274 pendit,
1056 2216 1137 2272 atque
1153 2209 1187 2258 ab
1204 2206 1359 2258 hominibus

257 2291 303 2340 tia.
336 2287 445 2340 Quodsi
458 2286 532 2346 lecit,
549 2294 578 2334 nt
590 2283 665 2346 fecit,
683 2297 729 2334 rur
741 2300 785 2349 po·
821 2289 946 2339 modestis
962 2287 1169 2344 administretur,
1183 2286 1228 2349 qni
1249 2285 1276 2334 in
1296 2297 1359 2334 eam

257 2359 542 2426 1111111111Νι1111111111
558 2358 786 2422 ἰ11111111111111ἱ1111·
823 2366 968 2414 mittuntur.
1001 2363 1053 2422 Qui
1068 2361 1193 2416 mittitur,
1210 2360 1278 2422 repis
1297 2359 1360 2408 inco

257 2442 393 2500 peratore·
412 2432 624 2496 aspernabantur,
637 2445 713 2495 quam
733 2432 786 2480 ian·
823 2445 872 2488 att.
905 2437 936 2486 Εἰ
961 2437 1052 2486 ‚ubam
1068 2433 1227 2495 aramme,
1255 2433 1282 2483 td
1307 2439 1362 2494 ear,

253 2525 325 2572 rum,
352 2521 429 2573 quanr
452 2512 587 2570 tantopere
614 2505 786 2563 milmabent.
816 2509 989 2575 juredicendu
1016 2507 1166 2573 prefectus,
1188 2508 1232 2572 qui
1250 2506 1362 2571 judicia

257 2582 436 2646 imposuisset?
470 2581 605 2629 Praeterea
615 2593 701 2630 arrreae
712 2595 786 2631 coro·
823 2583 961 2636 exercendi
981 2585 1106 2649 pleraque
1124 2589 1289 2647 potestatem
1312 2583 1360 2632 ira·

257 2673 299 2708 nn
310 2656 395 2706 nullus
404 2663 462 2705 erat
473 2655 558 2715 locus;
570 2655 699 2704 nonenim
712 2664 786 2720 pote·
822 2659 878 2710 bet.
910 2659 975 2716 Tum
985 2659 1050 2708 elius
1063 2658 1122 2706 tous
1132 2655 1217 2720 λόγος,
1234 2655 1362 2706 ulrnirnus

258 2742 302 2785 rat
313 2732 406 2784 testari
420 2743 518 2794 regem.
531 2743 591 2778 cum
602 2729 645 2780 ilia
656 2743 730 2779 nenro
742 2745 784 2780 eu·
823 2733 867 2797 qul
878 2731 1021 2796 peculiares
1037 2733 1151 2780 rationes
1168 2738 1256 2780 curat.
1290 2729 1320 2779 1s
1332 2731 1362 2780 iu

256 2821 315 2857 rum
324 2812 452 2864 uteretur,
473 2803 519 2853 sed
530 2802 677 2852 diademate
692 2804 786 2866 potius,
822 2821 853 2856 ea
865 2808 981 2871 inquirit,
990 2820 1047 2870 que
1055 2806 1163 2856 seorsim
1175 2806 1208 2855 ari
1221 2807 1362 2856 cesarem

257 2895 317 2948 quas
330 2879 411 2930 sesols
422 2886 499 2928 erata
517 2884 544 2927 at
560 2878 647 2926 laurus
663 2877 786 2941 loqueba·
823 2881 952 2931 recidunt.
990 2881 1045 2930 Hos
1063 2881 1224 2930 comitentur
1243 2881 1362 2932 Caesaris

258 2965 302 3006 arrr
313 2953 393 3004 inisse
404 2967 530 3003 summum
542 2952 733 3015 imperatorem,
741 2966 784 3002 eo·
823 2954 910 3004 liberti
921 2962 948 3004 et
964 2955 1196 3005 administratores.
1213 2955 1326 3007 Strabo.

257 3043 309 3096 quo
321 3041 417 3078 corone
427 3028 474 3077 tali
484 3027 668 3091 dignissimum.
684 3026 758 3076 ldenr.
859 3029 891 3078 Ut
896 3028 1040 3088 feraciorem
1050 3030 1168 3092 redderet,
1174 3031 1260 3090 fossas
1267 3047 1362 3096 anses,

292 3101 403 3154 Fontes
419 3099 520 3164 aspersis
537 3106 660 3150 mles
676 3100 722 3163 est]
737 3101 787 3152 du·
822 3104 849 3151 is
860 3118 917 3166 quos
929 3105 1138 3166 illitteralem,
1148 3107 1201 3170 tre]
1213 3106 1246 3156 Id
1258 3116 1311 3168 est,
1321 3113 1363 3158 in·

258 3175 359 3228 venalis
370 3174 424 3224 Sat.
436 3187 499 3223 rrrr.
517 3173 569 3222 ‘Di
586 3175 712 3238 majorum
731 3187 785 3224 utn-
824 3178 906 3226 undat
916 3180 1086 3228 incremento.
1111 3181 1190 3229 Nilus
1202 3188 1305 3246 autern,
1316 3198 1362 3234 co-

256 3254 313 3304 bris
325 3259 427 3302 tenuem
439 3257 467 3298 et
478 3250 533 3298 sine
549 3249 664 3313 pondere
682 3256 786 3313 terram,
823 3253 876 3302 luni
888 3254 943 3304 rice
955 3255 1108 3318 iungens,si
1119 3257 1258 3307 duodecim
1266 3253 1367 3312 cubita

257 3325 448 3389 Spirsntesqoe
459 3337 561 3386 crocos,
577 3331 606 3374 et
616 3325 643 3372 irs
654 3338 718 3374 urna
729 3339 787 3388 per·
825 3341 876 3376 nort
887 3332 1009 3394 excessit,
1025 3329 1105 3382 fames
1122 3340 1197 3382 certa
1212 3341 1264 3384 est.
1300 3311 1369 3385 Nec*

257 3407 366 3464 potuum
378 3399 496 3460 rer,'&c.
506 3407 534 3448 et
546 3399 719 3462 pulcherrime
728 3399 787 3449 Vir·
824 3403 907 3452 miuus
928 3406 950 3454 sl
973 3418 1032 3454 avr.
1052 3408 1229 3469 exsuperavit.
1272 3409 1364 3461 Tamo

256 3473 336 3538 gilius
346 3487 380 3522 ex
391 3472 590 3537 persouaipsius
601 3471 712 3534 Augusti
721 3473 786 3522 libro
825 3476 892 3540 eninr
913 3479 1012 3528 tardius
1029 3478 1146 3541 decedit,
1163 3489 1266 3544 quanto
1277 3483 1366 3534 abun·

256 3562 296 3599 vr.
312 3546 452 3597 ‘Manibus
463 3546 524 3597 date
546 3546 599 3597 illie
610 3547 703 3609 plenis,
720 3547 786 3598 Por·
825 3549 926 3598 dantius
944 3552 1036 3613 crevit,
1055 3560 1084 3602 et
1105 3563 1252 3604 sementem
1275 3567 1366 3610 arcet.

256 3619 583 3687 pureosspargemdores!
616 3622 653 3671 Ut
669 3623 786 3672 omittam
825 3624 933 3674 Plinius.
966 3627 1009 3675 De
1018 3627 1073 3676 Nili
1086 3628 1242 3680 incrementi
1254 3635 1365 3696 quanti·

256 3697 378 3760 antiquas
408 3709 562 3744 marmorum
594 3695 788 3758 inscriptiones,
826 3700 1368 3762 tate,quarellissubindeseenllstenuior·

256 3789 316 3840 qnae
328 3770 512 3822 defunctorum
531 3784 608 3820 urnas
624 3771 689 3821 rosis
699 3773 787 3835 spargi
825 3772 895 3822 facta
905 3783 955 3834 est,
966 3776 1002 3824 ita
1012 3789 1122 3826 censeo:
1142 3777 1214 3827 Olim
1230 3777 1291 3831 fore
1304 3785 1366 3834 nui.

255 3847 397 3910 ornarique
419 3844 556 3908 quotannis
576 3858 609 3893 ex
632 3850 787 3895 testamento
825 3848 884 3896 laur.
927 3848 1062 3912 Perpetua
1088 3865 1200 3916 namque
1226 3856 1366 3910 allusione

250 3923 357 3987 jubent.
398 3919 457 3970 Quo
477 3919 643 3970 referendum
664 3919 726 3968 illud
745 3920 787 3968 Ti·
826 3920 929 3970 tandem
943 3923 1080 3987 aliquando
1096 3921 1209 3976 fluminis
1222 3930 1366 3984 altitudini

256 3997 322 4048 buiil
333 4010 348 4044 e
360 3995 426 4044 libro
442 4009 472 4044 rr.
493 3995 568 4058 integ.
578 3996 604 4042 d.
621 3993 629 4019 ‘
642 3992 730 4056 Atque
742 3995 787 4042 ali·
825 3994 938 4055 riparum
950 3999 1079 4060 margines
1091 4009 1221 4062 aequatum
1233 4005 1275 4054 irl.
1297 4010 1366 4060 Caes.

256 4072 316 4136 quis
326 4070 421 4130 senior,
439 4077 540 4119 veteres
561 4074 698 4116 senarstus
717 4081 786 4116 amo-
823 4066 938 4130 Scaliger.

256 4159 307 4202 res,
320 4143 415 4194 Annua
426 4151 577 4194 constructo
587 4141 736 4192 aertadabit
747 4151 785 4190 tu·
855 4143 961 4193 deroso
973 4147 1070 4213 vdua]
1087 4149 1188 4200 Plinius
1206 4153 1234 4204 in
1255 4157 1354 4225 Paneg

255 4220 343 4272 aonio!
369 4217 439 4268 iilud
452 4221 583 4284 peculiare
595 4217 708 4277 Graecis,
718 4215 787 4279 quod
822 4216 1031 4272 ‘Percrebuerat
1041 4223 1184 4288 antiquitus
1194 4228 1288 4281 urbem
1302 4197 1372 4286 aros:¹
