3014 4886
561 425 806 476 asuaroun.
914 435 918 446 ·
1015 486 1018 494 Ι
1153 409 1244 479 lauti

182 576 266 635 1666
286 571 315 632 ln
333 572 505 636 collectione
523 575 648 636 b'utoriae
662 575 809 637 Romam
822 573 1002 657 Scriptorum
1016 574 1082 636 Lat.
1095 585 1236 649 vctemm,

140 667 195 747 qui
207 677 323 740 exunt,
336 671 476 742 omnium,
490 670 621 733 Genesar
634 673 715 733 facta
726 679 816 733 1663.
830 671 882 732 iol.
895 671 980 730 Tom.
996 685 1035 731 11.

186 771 265 823 1656
287 765 425 825 Matthiae
446 766 624 847 Berneggcri
644 768 788 828 Distribae
809 768 839 827 in
860 767 898 827 C.
919 767 1051 828 Suetonii
1068 768 1179 849 Trauq.
1198 768 1237 830 C.

139 857 207 918 Jul.
231 859 391 932 Ooesarem,
418 863 547 942 Augusti
572 863 719 944 quadam,
745 873 776 924 et
800 862 899 923 Titum
925 862 1151 944 Vespasianum.
1187 865 1237 926 Ex

141 956 270 1015 auctoris
288 958 523 1018 annotationibus
538 961 645 1040 passim
663 969 758 1020 aucta
778 969 809 1019 et
828 958 1000 1020 emendatae.
1035 960 1237 1040 Argentorati,

140 1052 307 1132 sumptibus
318 1052 368 1113 Jo.
381 1054 486 1114 Joaoh.
502 1055 738 1116 Bookcnhofferi.
751 1064 782 1116 4.

118 1193 121 1198 ,
183 1154 265 1208 1666
286 1147 410 1208 Sebildii
424 1166 471 1210 ιν.
494 1151 531 1210 0.
546 1150 703 1212 Suetonius
715 1151 823 1230 Tranq.
837 1159 869 1210 ct
881 1151 910 1210 iu
923 1171 990 1211 cum
1003 1153 1236 1224 commentarius,

140 1242 301 1303 exhibente
320 1244 407 1305 Joan.
428 1245 570 1306 Scbildio.
596 1245 696 1307 Editio
715 1255 829 1327 quarta.
855 1245 989 1325 Lugduni
1011 1247 1082 1308 Bat.
1101 1268 1140 1308 ex
1161 1247 1237 1310 offic.

142 1337 294 1400 Francisoi
308 1339 433 1401 Haclsii.
447 1350 477 1402 8.

184 1441 265 1495 1661
288 1436 450 1498 Boxbornii
464 1455 518 1498 111.
541 1437 676 1517 Lugduni
690 1438 760 1498 Bat.
774 1438 902 1517 itemque
915 1437 1043 1498 Amstal.
1056 1445 1106 1499 16.

184 1564 226 1578 —
239 1531 277 1591 O.
292 1533 424 1594 Suetonii
436 1534 546 1615 Tranq.
569 1535 669 1614 Opera
685 1533 794 1605 omnia,
804 1521 879 1593 'cum
896 1534 1131 1595 annotationibus
1141 1533 1237 1594 diver·

140 1646 251 1689 sorum.
273 1628 457 1690 Oxonii.12.

185 1729 266 1782 1666
287 1723 412 1784 Sobildii
425 1741 457 1785 V.
479 1725 575 1804 Lugd.
590 1724 660 1786 Bat.
674 1711 717 1785 8(

184 1825 265 1898 1666
285 1839 352 1880 eum
366 1823 601 1882 annotationibus
612 1821 800 1882 diversorum.
823 1817 990 1880 amstelod.
1002 1827 1053 1882 16.

183 1921 264 1978 1667
286 1915 410 1977 Schildii
423 1934 471 1978 Vl.
493 1917 630 1996 Lugduni
644 1917 714 1977 But.
727 1937 768 1977 ex
779 1915 856 1976 offic.
871 1915 1043 1977 Hackiana.
1057 1923 1087 1977 6.

184 2016 265 2072 1666
286 2011 449 2073 Boubornii
464 2029 510 2072 lv.
532 2012 570 2072 C.
586 2012 718 2072 Suetonii
730 2011 840 2091 Trunq.
858 2031 925 2094 quae
944 2021 1058 2084 extant,
1078 2022 1109 2073 et
1125 2013 1155 2072 iu
1171 2033 1238 2074 eum

143 2105 192 2164 Μ.
208 2107 309 2167 Zuerii
323 2107 485 2168 Boxhornii
498 2117 585 2169 notae.
606 2107 774 2168 Amstelod.
789 2107 868 2188 apud
879 2107 930 2168 Jo.
939 2107 1076 2179 Jansson,
1089 2118 1121 2169 et
1134 2107 1239 2169 Elizei

141 2199 357 2281 Weyersmdi
368 2203 498 2264 viduam.
511 2211 562 2264 16.
855 2255 859 2260 .

185 2304 353 2368 limeum
379 2299 614 2360 annotationibus
637 2299 825 2360 diversorum.
859 2298 1027 2362 Amstelod.
1052 2301 1132 2382 typis
1158 2299 1238 2361 Dan.

144 2391 295 2460 Eluevirii.
310 2401 359 2456 16.

446 2555 570 2618 muns
592 2555 655 2616 1v.
677 2517 939 2617 unaivmun

586 2659 797 2730 167271800.

186 2798 325 2859 eaomm
338 2799 482 2859 eunom
494 2799 570 2858 enas
582 2816 651 2859 suas
662 2797 799 2876 adjunxit
810 2781 957 2857 vesanus
969 2796 1142 2883 menemus
1154 2795 1239 2875 saju-

145 2903 193 2953 ms
204 2891 236 2954 J.
252 2893 294 2955 G.
309 2893 455 2966 Graevius,
473 2895 543 2955 novi
560 2895 602 2954 sic
620 2895 748 2974 exempli
767 2901 877 2953 auctor.
918 2893 1100 2952 Ornamenta
1117 2891 1240 2952 attulere

145 2988 218 3050 Car.
237 2989 365 3076 Reatinus
385 2999 416 3050 et
438 2989 519 3050 Sam.
538 2989 679 3049 Pitiscus.
707 2987 864 3048 Deiectum
884 3008 951 3048 cum
972 2987 1121 3068 spicilegio
1145 2988 1241 3047 fecere
1273 3051 1275 3054 ,

145 3085 232 3146 Petu.
248 3085 434 3146 Burmannus
445 3094 477 3145 et
496 3083 602 3144 Frano.
617 3083 852 3163 Oudendorpius.
883 3083 1013 3163 Stipulas
1031 3082 1149 3142 taudem
1170 3081 1241 3160 legit

143 3179 195 3240 Jo.
209 3180 291 3260 Aug.
306 3181 431 3241 Ernesti.

187 3282 268 3341 1676
288 3275 447 3337 Gratiana
461 3292 484 3336 1.
503 3274 542 3336 0.
556 3275 713 3336 Suetonius
724 3273 911 3355 Tranquillus
923 3293 961 3333 ex
975 3275 1139 3333 recensione
1148 3271 1240 3332 Joan÷

145 3372 193 3432 nis
209 3371 331 3452 Georgii
350 3372 474 3444 Graevii,
495 3392 563 3433 cum
582 3372 714 3449 ejusdem
734 3369 1040 3438 animadversionibus,
1060 3378 1093 3427 ut
1111 3377 1142 3427 et
1160 3386 1241 3428 com-

144 3470 289 3530 mentario
299 3471 412 3550 integro
425 3470 539 3530 Lavini
550 3467 706 3538 Torrentii,
719 3475 750 3527 et
763 3465 860 3526 Isaaci
874 3463 1052 3526 casauboni.
1080 3461 1142 3522 His
1156 3483 1241 3524 acca-

144 3563 222 3626 dunt
233 3565 327 3627 Notae
338 3565 485 3625 Theodori
500 3564 630 3624 Marcilii
643 3571 674 3622 ct
688 3561 834 3622 Francisci
848 3559 972 3640 Guyeti,
991 3579 1045 3618 nec
1064 3579 1121 3619 non
1143 3556 1241 3620 Index

146 3661 286 3722 Matthiae
300 3661 483 3722 Bemccceri.
504 3659 635 3736 Trajecti
648 3657 687 3717 ad
700 3657 851 3727 Rhenum,
862 3655 941 3736 typis
952 3665 983 3714 et
993 3675 1031 3715 cx
1045 3655 1162 3715 officina
1172 3654 1241 3714 Gis-

145 3758 223 3816 berti
234 3776 255 3815 a
267 3756 350 3837 Zyll,
363 3755 542 3836 bibliopola.
565 3753 657 3813 Anno
665 3759 759 3826 1676.
772 3759 802 3812 4.

186 3858 268 3915 1675
288 3853 327 3912 C.
341 3852 474 3912 Suetonii
487 3850 590 3930 Opera
608 3869 674 3928 quae
691 3855 804 3908 extant.
828 3846 954 3906 Carolus
973 3845 1101 3905 Patiuus
1118 3843 1196 3903 notis
1210 3852 1244 3902 et

147 3948 369 4008 numismatibus
389 3947 558 4017 illustravit,
574 3945 690 4024 suisque
709 3942 872 4022 sumptibus
888 3940 993 4001 edidit.
1015 3937 1145 4000 Basileus
1163 3939 1244 4020 typis
1292 3959 1295 3966 ·

147 4045 355 4106 Genatbianis.
369 4053 399 4105 4.

188 4148 270 4204 1676
291 4140 330 4201 C.
355 4122 489 4200 Suetonii
514 4137 682 4218 Tranquilli
709 4135 821 4216 Opera,
847 4153 915 4194 cum
945 4131 1024 4192 notis
1050 4130 1189 4192 brevibus
1212 4143 1244 4194 et

147 4237 267 4298 selectis
279 4237 319 4298 ad
332 4256 415 4296 usum
429 4236 597 4296 lectionum.
619 4232 744 4302 Osonii,
758 4253 776 4292 e
789 4231 904 4291 tbeatro
917 4225 1130 4290 Sbeldoniano.
1143 4235 1178 4288 8.
