3012 4870
263 397 349 464 tuot
611 410 718 459 uorn
742 406 940 456 varrouuu
968 370 1036 454 tul

263 555 354 604 meti
370 551 498 616 repeteret]
526 551 569 601 lta
583 549 743 600 viterbum
761 556 790 598 et
827 547 921 612 quibos
938 544 1130 600 itodiemomeu
1150 541 1292 592 Gaieerttm
1312 537 1353 588 eei

266 631 309 678 aiii
333 629 423 692 uptitui
444 627 521 692 codd.
564 627 790 688 Quidamtamen,
827 621 1074 672 Galererumdatur.
1099 613 1355 667 Proieeibusitebe·

264 720 318 755 eene
327 707 358 754 od
367 710 459 767 portent
467 704 580 766 reiipenm
591 703 708 765 eopidreie
716 705 789 752 eonti-
825 699 922 748 bamur
933 695 1000 760 apud
1014 703 1114 743 veteres
1127 691 1245 752 navigiis,
1256 703 1308 738 uon
1320 687 1353 736 ed

264 788 357 832 sentem
367 786 490 844 repeteret.
517 781 582 830 Qun
593 780 670 828 lertio
683 779 791 842 plenior,
827 774 944 836 prteiinm
963 771 1061 821 idoneis
1080 769 1181 826 unveis,
1198 765 1244 814 aed
1263 763 1297 813 ed
1309 777 1354 812 ex·

265 865 344 920 etque
355 858 428 906 itein
440 855 554 905 editione
573 855 638 904 Rob.
656 855 791 917 Stepbeui.
828 846 990 911 ptoundum
1009 853 1054 894 sut
1072 844 1163 908 quibus
1180 841 1214 892 ed
1232 839 1356 890 excubie·

266 933 368 982 cmm.
411 933 592 981 Contineuteut
615 939 700 978 eutem
721 929 790 993 (seii.
828 927 971 973 uterentur.
988 921 1087 970 sumar.
1265 957 1267 964 .
1306 963 1308 968 .

265 1008 491 1072 terram)1taiieut
503 1008 603 1069 arripe,
619 1005 688 1056 unda
705 1005 791 1068 copia·
861 994 1358 1058 rmnmutuu]1²ropeummm·

265 1099 322 1134 rum
350 1093 449 1147 partem
473 1081 620 1145 Augustum
647 1081 791 1142 repetiisse,
828 1071 985 1136 rigentibus.
1010 1069 1272 1120 Verbnmuentiemu.
1296 1067 1357 1114 Vir-

266 1166 342 1222 petet
364 1160 442 1208 etiam
464 1171 497 1205 ea
525 1156 645 1219 Appiano
668 1155 743 1204 civit.
764 1167 791 1205 v.
829 1151 904 1212 gilius
915 1147 1270 1207 AEuuneen‘tittorsque
1281 1141 1357 1204 Epiri

267 1231 411 1285 Continent
439 1248 471 1282 ee
498 1239 575 1281 terroe
604 1243 663 1294 pers
686 1230 791 1291 dieitur,
829 1223 953 1288 tegimur!
968 1224 1044 1272 Bere.

267 1316 539 1373 quaeeunqueuouast
559 1307 651 1356 insuia.
682 1305 791 1355 Terram
862 1295 1097 1357 patremmeum]
1121 1293 1261 1342 ‘Patrem’
1280 1291 1357 1341 intei-

266 1383 364 1433 iiruutm
378 1384 453 1445 irrigo
466 1389 568 1430 rorent.
580 1382 657 1430 Bere.
781 1406 785 1416 ι
830 1373 881 1436 lige
900 1372 995 1436 AEmiiii
1017 1371 1089 1420 ietiuo
1106 1369 1216 1432 junioris
1235 1375 1357 1431 petrem;

301 1461 394 1507 Proter
404 1455 503 1520 Mum]
515 1457 618 1518 Magum
629 1455 743 1505 Graeoire'
750 1471 792 1505 ur.
829 1446 960 1497 nonenim
978 1445 1057 1507 ipsius
1068 1444 1151 1492 aerei:
1169 1457 1201 1492 ue
1214 1456 1286 1491 erres
1298 1456 1358 1490 euru

266 1536 336 1593 bem,
354 1535 448 1583 Locros
467 1532 650 1595 Epieopityrioa
661 1531 792 1595 inteiligit,
829 1521 1002 1572 eruditieeimo
1012 1521 1045 1571 Α,
1057 1519 1261 1570 Sebotto.·1dem.

267 1609 369 1675 (piures
389 1609 456 1656 euim
477 1607 552 1656 Locri
568 1605 650 1669 eunt‚)
673 1620 687 1652 a
710 1606 792 1654 eieino
862 1597 998 1662 interficere
1014 1596 1122 1659 eorum]
1140 1595 1257 1644 Frustra.
1289 1593 1358 1642 Naue

267 1683 442 1747 promontorio
476 1682 604 1744 Zephyrio
634 1683 672 1731 ite
699 1679 793 1730 dictos.
830 1686 881 1720 nou
893 1671 1023 1721 moderor
1040 1672 1127 1732 Regis.
1144 1669 1189 1718 sed
1208 1678 1236 1717 et
1255 1681 1360 1731 corpur,

267 1758 404 1809 ‘Praeter'
420 1760 470 1807 boe
481 1758 537 1806 ioeo
548 1771 600 1805 non
612 1762 652 1804 est
664 1756 750 1819 juxta,
764 1763 793 1804 ut
830 1748 856 1796 iu
869 1747 921 1796 Dei
937 1754 977 1796 eet
994 1760 1077 1795 manu.
1111 1747 1198 1798 Quare
1216 1743 1361 1806 prudenter

267 1837 324 1886 vuit
337 1833 495 1884 Beroaldust
514 1830 792 1894 differuuteuimquod
831 1824 898 1885 Imp.
920 1822 1067 1873 Antoninus
1089 1821 1185 1870 Piriioe.
1206 1820 1240 1868 de
1260 1819 1362 1878 Caesio,

169 1935 172 1944 ·
262 1912 341 1974 juste
359 1911 385 1958 iu
403 1917 483 1970 stetu,
502 1913 597 1971 preter
608 1907 634 1955 iu
647 1913 718 1954 motu
729 1906 792 1954 diei.
830 1897 899 1960 apud
911 1896 1057 1947 Vulcatium
1071 1899 1127 1946 ei.
1139 1900 1146 1924 ‘
1157 1897 1184 1944 si
1196 1896 1221 1946 ei
1233 1895 1359 1944 divinitae

268 1993 319 2034 tur.
328 1994 335 2013 ¹
345 1985 447 2033 Prreter
459 1983 560 2030 domum
571 1987 683 2030 nostrum
696 1979 794 2030 ducim-
831 1975 941 2026 debetur
951 1975 1094 2038 imperinm,
1107 1988 1155 2022 nou
1167 1975 1311 2036 poterimus
1321 1972 1362 2021 in·

268 2066 311 2109 tur
321 2056 454 2121 exequiae)
471 2057 546 2105 idern.
832 2051 960 2105 terdone,
972 2050 1072 2098 etiamsi
1085 2047 1210 2098 vertum:
1228 2049 1304 2096 idern.

302 2134 434 2197 Rispium]
448 2134 523 2186 Quod
532 2134 661 2198 Appiano.
671 2133 757 2182 Piiuio
767 2138 795 2180 et
865 2126 927 2175 Post
940 2121 1153 2187 Pompeiisupoee]
1170 2123 1303 2174 Antonius
1314 2138 1362 2186 per

269 2209 327 2260 aliis
349 2208 495 2271 ‘Rhegium
511 2205 626 2267 sotium*
647 2205 795 2255 Brittiorum
832 2201 934 2251 litteras
954 2200 1094 2260 mandavit,
1114 2208 1143 2249 ut
1160 2207 1266 2261 ceptum
1282 2199 1363 2250 Pom·

268 2285 393 2350 oppidum
405 2284 437 2333 ed
449 2283 544 2332 fretum
554 2282 677 2332 stomun.
710 2281 796 2344 Vulgo
833 2274 1123 2340 peiumiuterfieereut:
1141 2275 1218 2336 partio
1236 2282 1361 2338 postpoe·

269 2361 362 2423 item
382 2365 497 2408 vocatur.
530 2355 588 2406 'neb
605 2355 649 2414 τῆς
666 2354 796 2417 picenus
833 2351 942 2400 nitentia
962 2359 1066 2413 neptun,
1088 2352 1172 2400 salute
1191 2364 1249 2399 erem
1269 2350 1360 2400 donari

269 2443 378 2498 rupture
400 2447 491 2482 nomeu
514 2432 643 2484 sortitum,
664 2429 732 2493 quod
754 2430 795 2478 bie
830 2429 918 2492 justit.
949 2427 1017 2475 Titio
1037 2427 1192 2489 posteriores
1208 2439 1246 2474 ee
1263 2426 1361 2474 littere

268 2509 392 2558 violentia
416 2513 608 2554 terremotmuu
630 2505 742 2553 Siciliam
763 2504 795 2552 eb
833 2510 895 2551 snut
918 2499 1037 2560 reddite,
1054 2499 1146 2562 quibus
1166 2512 1261 2548 neuere
1284 2499 1361 2548 Pom·

269 2585 351 2634 lteiia
371 2581 515 2632 divulserit.
542 2578 641 2630 tuitio.
663 2593 704 2629 rr.
727 2584 750 2628 1.
772 2584 796 2629 7.
834 2578 919 2640 peium
933 2576 1091 2638 jubebatur:
1110 2585 1187 2638 atque
1206 2575 1227 2622 is
1244 2576 1361 2624 ordinere

271 2658 349 2706 Idetn.
834 2654 987 2711 litterarum,
1008 2659 1036 2699 nt
1061 2650 1111 2699 sibi
1138 2649 1249 2698 redditee
1276 2659 1363 2712 erent,

303 2730 406 2780 Pediier
417 2730 475 2794 iret]
488 2728 636 2779 Notandum
647 2730 695 2778 boe
704 2737 797 2777 eontra
834 2740 885 2776 uon
903 2739 1015 2780 sensum,
1034 2733 1139 2774 uerutus
1161 2733 1210 2774 eet.
1234 2726 1361 2776 niocae-

269 2805 366 2854 sastum
383 2818 471 2854 eorum
492 2808 500 2833 ‘
514 2804 673 2865 Principum,
689 2804 732 2865 qui
748 2801 796 2851 fae·
834 2802 894 2852 eius.

269 2880 334 2928 tidio
353 2881 445 2939 nostri,
461 2886 489 2928 et
508 2877 619 2941 quodam
640 2877 796 2940 aquetitetie
867 2877 1028 2939 Coiiegerem]
1046 2875 1075 2925 lu
1093 2875 1266 2924 triumviratu.
1284 2876 1361 2926 Bos.

270 2963 352 3014 metu.
363 2968 435 3003 usum
448 2955 541 3017 pedum
553 2952 712 3008 amiserunt:
722 2961 751 3001 ut
761 2954 797 3002 eit
868 2950 985 3014 Circeios]
996 2951 1089 3000 iocum
1102 2949 1127 2998 iu
1137 2950 1213 2999 Latio
1221 2952 1363 3014 celebrem,

269 3029 371 3078 Plinius
383 3040 508 3091 panegyr.
518 3041 542 3076 e.
553 3031 594 3076 sd.
607 3028 682 3075 Idem.
834 3026 895 3075 oiim
924 3025 1032 3074 Homeri
1064 3026 1210 3074 testimonio
1241 3026 1364 3086 insulem,

302 3101 450 3163 Biremibes]
472 3101 503 3150 id
522 3109 572 3160 eet,
589 3113 648 3164 quse
668 3099 739 3150 binoe
758 3114 797 3150 re·
834 3115 909 3166 quam
933 3101 990 3163 ipse
1011 3101 1249 3164 AEearuappeliat.
1284 3100 1363 3150 Nune

270 3189 368 3224 morum
386 3173 485 3236 στίχους
501 3175 638 3224 hebebant.
672 3174 797 3237 Vegetins
835 3177 950 3226 Circeius
962 3189 1032 3223 mone
1044 3177 1178 3224 continens
1189 3184 1237 3225 est.
1256 3175 1359 3224 sareu.»

269 3248 490 3314 ‘grndue’dixit
521 3249 697 3298 Sieenimiiie
715 3250 796 3301 time.
867 3252 984 3302 cmm.
1013 3251 1161 3302 M.Auiortii
1172 3253 1362 3302 mitterem-ob·

269 3339 295 3375 e.
304 3329 329 3374 7.
342 3325 374 3374 de
383 3325 458 3374 modo
468 3324 653 3374 Liburnorum:
666 3325 797 3376 ‘Minime
834 3329 898 3390 rupit
915 3328 1018 3390 emim]
1034 3325 1067 3375 A.
1085 3327 1117 3375 U.
1134 3328 1165 3376 C.
1183 3340 1266 3376 noca.
1284 3326 1364 3375 Redi·

270 3401 392 3450 Liburuee
416 3413 545 3449 ternorum
565 3401 663 3448 hebent
683 3400 798 3462 singulos
836 3411 878 3450 tus
888 3401 994 3450 Oetaeii
1006 3401 1197 3463 ebdpoiionis‚
1205 3409 1232 3450 et
1241 3414 1299 3450 curu
1309 3400 1364 3450 Au·

268 3474 386 3535 ordines,
396 3473 482 3536 peulio
492 3473 797 3536 majoresbinoe‚idoneat
835 3477 906 3526 touio
916 3471 1095 3525 coutentiouee
1107 3477 1184 3524 veriet
1195 3475 1222 3523 iu
1235 3475 1309 3524 urbe.
1330 3475 1362 3528 Α.

270 3561 397 3596 mensure
412 3548 798 3612 ternoseeiqueternoe.inter·
834 3554 868 3601 U.
880 3552 911 3599 C.
924 3562 1015 3600 occxt.
1044 3550 1145 3598 Bellum
1164 3559 1191 3598 et
1209 3564 1260 3612 pes
1280 3550 1362 3600 Muti·

271 3621 332 3670 dum
344 3623 436 3685 quinos
448 3623 589 3671 eortiuutur
603 3623 724 3684 remigant
740 3637 797 3682 pra·
834 3627 928 3675 nensis.
956 3624 989 3673 A.
1002 3626 1033 3674 U·
1044 3626 1075 3674 C.
1092 3637 1227 3674 necuter.
1245 3641 1269 3674 a.
1282 3626 1309 3676 d.
1322 3638 1365 3676 tv.

270 3697 334 3746 due.'
368 3699 498 3746 Numerus
511 3707 596 3746 autern
610 3711 735 3746 remorum
746 3713 797 3747 non
834 3703 903 3752 Non.
920 3701 1055 3762 Septemb.
1071 3700 1155 3747 vietur
1178 3699 1309 3750 Antonius
1329 3703 1363 3751 ed

270 3773 296 3820 in
308 3773 410 3834 longum
424 3781 464 3821 est
477 3771 653 3834 accipiendus,
668 3772 712 3820 aed
724 3772 750 3821 iu
762 3774 798 3821 ai·
834 3775 950 3832 Aetium,
964 3773 1081 3836 unquenti
1093 3773 1179 3834 periit.
1198 3775 1302 3825 Caenei.

271 3856 336 3897 tunt.
361 3849 407 3896 Sic
419 3846 469 3896 duo
483 3847 545 3894 renti
559 3847 584 3894 iu
597 3845 686 3894 biremi
698 3861 797 3896 eumeu-
868 3845 1105 3896 Remeeiiieiiom'deo
1119 3847 1205 3909 romb]
1221 3850 1364 3900 eontinen-

270 3923 297 3970 di
308 3937 432 3972 esummo
441 3923 473 3970 ad
485 3921 562 3969 intuor
572 3933 618 3982 per
626 3920 797 3984 altitudinem,
836 3933 876 3974 ter
889 3933 1017 3971 momento
1029 3923 1079 3970 ieri
1099 3923 1264 3972 mutabantur
1275 3927 1318 3975 eei
1330 3928 1365 3977 sd

268 4012 318 4046 nou
331 4014 344 4045 a
357 4012 432 4061 prore
444 3997 477 4044 ad
496 3996 603 4059 puppim
621 4009 666 4058 per
685 3995 797 4059 iongitu·
835 4001 994 4059 suspiciones
1010 4013 1056 4063 per
1074 3999 1249 4062 ambitionem,
1267 4005 1308 4052 vei
1329 4006 1363 4054 ed

269 4071 365 4120 dinem.
398 4071 526 4120 Caeterum
545 4071 657 4118 biremes
674 4078 702 4119 et
715 4073 798 4121 uuire-
835 4075 955 4124 fidneiem
974 4074 1077 4137 quoties
1093 4075 1238 4136 postularet
1250 4082 1365 4130 necessi·

269 4158 333 4198 mes,
351 4159 406 4207 qnae
428 4144 532 4206 δίκροτοι,
555 4152 582 4192 et
599 4143 737 4207 μονόκροτοι,
757 4148 797 4194 vei
836 4157 884 4198 tas.
897 4148 1038 4209 Appieuus.

267 4216 375 4282 pompus
387 4220 482 4284 Grues
495 4229 628 4275 vorentur,
639 4221 726 4283 quaiso
737 4231 798 4272 sunt
866 4222 932 4270 Mete
943 4221 1088 4285 soeiiiotnu]
1106 4223 1278 4278 Gioesarium:
1294 4230 1364 4280 Fori-
