3012 4870
255 389 351 455 lint
599 405 705 454 noun
728 402 926 453 vnutouuu
946 403 991 453 ru

257 547 300 596 De
310 545 454 608 gracilitate
464 557 498 594 ne
512 545 585 595 nimir
596 546 727 608 miremur,
737 543 775 595 fa·
812 545 914 595 mittere
925 557 983 594 curn
995 545 1094 595 Grecis
1103 541 1221 594 nolebut.¹

257 620 394 683 cientque
406 620 544 670 Athenaeus
561 619 604 669 tib.
621 633 671 670 xrr.
688 628 715 670 et
734 619 775 669 Β·
843 620 944 669 hatis
969 621 1031 670 edlu
1056 621 1144 668 ceretu
1173 612 1335 682 commeo-3

255 694 428 744 iianusiib.x.
444 693 775 754 nouiunrdeArcbrestrsto
809 692 878 742 Setis
903 695 998 744 curulis
1020 703 1131 757 quotuor
1154 693 1230 756 liquis
1253 693 1334 756 piuri-

256 777 371 819 narraut.
389 771 490 820 Guroub.
771 773 773 780 '
810 766 889 817 busre
899 768 1042 829 constabat,
1060 768 1171 818 incurris
1186 769 1212 817 in
1229 764 1340 816 modurn

257 867 260 876 >
286 845 404 908 Superque
419 846 562 896 serubeeilio
571 841 774 906 seeusdoioooor't]
809 841 1333 906 sereiiierretiprodrrctae,etmiunscnr·

255 921 346 970 Scene
366 930 393 970 et
415 921 492 984 podio
508 922 649 983 proxinrnnr
676 919 774 969 subsel-
810 923 877 965 ratae
888 917 921 966 ub
931 926 1038 982 utruque
1050 925 1133 980 parts.
1151 916 1214 965 Herc
1226 913 1332 963 ionibus

254 994 327 1057 lium,
348 994 559 1058 priuciptrmt‘nit
587 1002 613 1044 et
643 995 774 1057 magistra·
809 990 1107 1054 incommemoratum
1126 990 1221 1054 aperiri
1235 987 1334 1038 claudi·

256 1078 344 1119 tuum:
369 1069 509 1119 secundnm
527 1075 554 1118 et
571 1069 669 1135 reliqua
682 1068 773 1132 quibus
811 1079 860 1129 que
872 1073 968 1129 posset.
988 1067 1125 1132 Lignorum
1138 1065 1244 1114 torturus
1256 1075 1333 1128 egre·

254 1143 370 1193 constitit
397 1145 539 1204 orchestra,
567 1149 726 1193 senatorum:
746 1143 773 1191 iu
808 1138 1332 1205 gioexpttosnroraeot,onurtqportyeo·

253 1218 336 1280 primo
354 1219 423 1269 aedit
445 1220 590 1281 Augustus:
613 1219 639 1267 in
661 1218 773 1268 secundo
807 1214 898 1265 ideo&
919 1217 1058 1278 nominant,
1079 1223 1108 1266 ut
1127 1216 1282 1264 Plutarchus
1304 1217 1331 1264 iu

251 1295 350 1358 tegetes
371 1295 523 1346 collocarit:
548 1299 647 1359 ‘super
667 1298 711 1342 se’
736 1295 773 1343 ait
809 1293 900 1341 Morio.
928 1291 1212 1356 linjnnoodiretloerrn
1230 1288 1332 1340 fabrica

252 1370 405 1420 Suetonius:
427 1371 487 1434 quia
508 1370 573 1418 rutio
593 1369 772 1419 subselliorum
808 1367 934 1431 hodieque
949 1369 975 1417 in
995 1383 1041 1417 usu
1058 1377 1108 1416 est.
1134 1365 1230 1416 simitu
1244 1371 1331 1416 eoretn

252 1457 283 1494 ca
298 1443 356 1501 tute,
367 1453 397 1494 nt
415 1445 529 1494 imoeire
542 1444 772 1508 primosecundum
809 1443 909 1493 artificii
927 1442 1007 1492 inisse
1024 1443 1142 1491 uidentur
1160 1441 1221 1501 itte,
1238 1441 1331 1505 quibus

252 1527 321 1568 esset
332 1519 418 1581 altius,
436 1519 548 1569 secundo
559 1520 673 1581 tertium,
689 1526 717 1569 et
734 1518 772 1568 ito
807 1521 865 1570 oiim
877 1528 997 1585 tunquam
1009 1521 1105 1584 laqueis
1117 1520 1165 1579 uri,
1179 1518 1222 1582 qui
1239 1511 1330 1566 attero

252 1591 384 1657 deinceps.
401 1596 476 1644 idem.
768 1601 770 1610 ¹
809 1595 868 1645 vitre
880 1595 1072 1645 insidiabuntur.
1091 1593 1330 1644 eneruauerunt·

272 1670 438 1734 'InusitotrrnrJ
455 1671 519 1721 cod.
539 1671 645 1724 solmon.
662 1670 770 1722 boisilu-
807 1669 864 1718 ticin
876 1678 949 1720 vocat
960 1669 1142 1733 θρόνονᾰφνεῖς
1152 1669 1250 1730 δεσμοὺς
1259 1669 1332 1732 ἔχον·

249 1750 312 1794 turre.
805 1762 843 1794 rc.
872 1746 922 1794 Rea
943 1745 1017 1795 bodie
1039 1760 1089 1796 non
1110 1747 1250 1811 incognite.
1281 1749 1327 1795 cu·

267 1821 390 1878 ·Quotiter
406 1825 454 1873 loeo
462 1825 591 1886 publicare]
608 1825 769 1874 Eteotrrote
805 1821 870 1870 rusb.
1322 1839 1325 1846 ·

249 1901 299 1956 est,
318 1897 385 1961 quod
405 1905 481 1947 notet
497 1899 598 1948 Solinus
616 1898 648 1947 dc
664 1899 769 1948 muliere
837 1896 955 1947 Cauil.
976 1897 1329 1961 thuciiesqur'depeciundnn

248 1969 336 2020 tricies
357 1971 441 2033 enixa,
461 1987 477 2021 e
495 1973 617 2037 Pompeio
636 1971 769 2036 publicata
804 1984 899 2032 sequeus
916 1972 1006 2034 publice
1027 1974 1146 2037 ederetur]
1174 1971 1329 2036 Spectseuis

247 2055 305 2092 cunr
326 2057 375 2094 xx.
390 2045 494 2094 liberis:
520 2045 639 2110 qnodque
660 2045 767 2095 Tacitus
804 2044 863 2093 otim
881 2045 1022 2096 edebantur
1037 2046 1157 2107 inUrbe,
1172 2045 1329 2096 inituliaet

246 2115 313 2168 libro
324 2131 378 2168 ιιι.
394 2119 487 2169 Annei.
498 2120 532 2170 de
550 2121 701 2171 Mithridate
720 2123 768 2172 ilr-
804 2119 984 2182 inprouiuciis.
1001 2123 1034 2171 Et
1044 2121 1068 2170 iu
1077 2120 1148 2170 Urbe
1156 2119 1267 2184 quidem.
1277 2121 1328 2170 otio

246 2192 339 2242 toeniae
351 2207 413 2256 rege
427 2195 550 2258 ceptieor
567 2195 678 2246 ‘Rostre
691 2197 767 2260 juxta
803 2195 829 2242 in
842 2195 952 2257 theatro,
962 2195 1012 2245 alin
1027 2196 1053 2244 iu
1073 2197 1152 2251 circo,
1170 2197 1219 2244 eliu
1235 2197 1261 2245 iu
1274 2211 1327 2246 eru·

246 2266 396 2317 custodibus
415 2269 586 2321 circumdatus
598 2271 767 2335 rlsuipoputo
802 2269 957 2331 phitheotro,
968 2269 1083 2335 quaedsm
1101 2271 1127 2318 io
1146 2267 1327 2335 ioro'eiiisqns

244 2339 409 2402 proteron·
437 2344 504 2408 qaod
528 2345 595 2395 idern
622 2357 711 2410 poster
733 2347 767 2397 do
801 2343 863 2393 iocis
883 2344 1000 2407 publicis.
1027 2345 1103 2396 Quod
1122 2359 1183 2409 ergo
1202 2345 1327 2400 ait.‘os·

245 2415 388 2466 crreotoeo
405 2426 503 2469 narrat.
532 2421 631 2469 Comi.
674 2422 766 2484 Miror,
801 2417 895 2480 qoem:
915 2418 1038 2482 quomodo
1059 2419 1229 2482 recipiemus?
1255 2419 1326 2470 Puto

243 2491 417 2556 treoqotttom
432 2495 546 2544 omisisse
567 2496 766 2560 quadringentae
801 2490 834 2540 (¹0
847 2491 925 2546 Utin·
945 2493 1022 2543 ltalia
1039 2501 1066 2543 ei
1083 2495 1219 2559 provinciis
1231 2494 1326 2544 intelli·

244 2564 335 2628 viginti
355 2567 492 2628 pantheron
513 2569 599 2619 Rome
623 2570 657 2620 ab
675 2572 765 2622 codem
801 2564 927 2628 neudum:
945 2566 971 2615 te
982 2568 1048 2616 euim
1065 2583 1172 2632 errrore
1188 2567 1325 2620 mmiierto'

243 2636 323 2688 inisse
334 2647 494 2692 monstrator.
512 2643 624 2694 Beroald.
800 2639 912 2704 videtur,
930 2641 996 2707 qnod
1014 2643 1089 2693 modo
1112 2645 1208 2694 dictum
1229 2653 1269 2694 eet
1290 2645 1324 2695 de

279 2713 382 2779 Votiois]
406 2716 476 2767 Quor
498 2719 563 2782 ipse,
580 2728 610 2769 nt
625 2735 704 2783 super
724 2734 764 2769 os·
800 2717 934 2765 occasione
953 2716 1017 2767 iacti
1039 2717 1137 2769 decreti
1158 2720 1242 2786 liujus,
1265 2735 1322 2785 ques

243 2787 336 2850 tendit,
357 2797 462 2839 uoueret
479 2792 540 2842 dori
563 2793 628 2856 Opt.
650 2795 721 2843 Max.
742 2794 764 2842 ri
802 2790 917 2840 Puteolis
939 2790 1001 2841 datu
1019 2791 1086 2842 fnit:
1114 2797 1142 2842 et
1162 2793 1228 2859 quod
1249 2793 1324 2851 dicte,

243 2863 400 2926 Reipublicre
422 2872 503 2934 status
531 2876 589 2930 post
615 2868 713 2918 ciadern
737 2871 764 2920 tn
800 2867 919 2930 ‘quoties
945 2869 1007 2933 qnid
1031 2869 1198 2932 spectandum
1222 2869 1324 2932 publice

238 2933 382 2988 ‘Germanis
408 2950 542 3005 acceptum
567 2943 657 2993 melior
677 2943 762 2995 fectus
800 2940 980 3000 ederetur.'de
989 2945 1091 2993 theatro
1100 2943 1322 3007 eimsslcitssym·

243 3019 321 3061 esset.
340 3011 426 3062 Sabell.
799 3015 913 3081 uicisque
932 3018 996 3066 indis
1014 3025 1058 3066 ent
1074 3017 1148 3067 rebus
1165 3017 1323 3068 admirandis

277 3085 377 3134 iiim
394 3089 574 3151 deduceret]1d
593 3099 641 3152 est,
660 3093 763 3143 veitice·
799 3092 1322 3156 qoaerpectandaeproponebantur,mari·

241 3162 303 3218 irim,
322 3162 346 3209 iu
367 3177 418 3225 quo
439 3177 512 3211 secra
533 3165 646 3215 Circeuri
669 3183 762 3232 pompe
798 3179 839 3214 me
851 3165 1020 3230 interpretor:
1038 3181 1094 3216 natu
1111 3183 1141 3216 ea
1158 3175 1234 3218 aetate
1246 3178 1322 3220 extra

241 3233 433 3302 deferebnutur,
460 3239 577 3302 religiose
602 3252 760 3307 sequeretur.
799 3239 903 3288 Romul
912 3254 975 3290 reru
986 3241 1145 3304 venationes,
1155 3243 1206 3291 reri
1217 3242 1322 3294 Circen·

241 3309 315 3360 idem.
798 3326 847 3361 ses.
864 3313 938 3363 iden.
1112 3315 1125 3384 ἢ·

273 3387 438 3436 Cruuiru’oue
463 3387 580 3452 ludorum]
608 3389 651 3439 Sic
671 3391 762 3453 virgil.
832 3389 948 3453 cusam]
976 3388 1040 3438 Inde
1062 3389 1188 3440 theutrum
1206 3387 1319 3456 eleganti

238 3459 291 3508 ‘Et
302 3461 364 3509 tube
373 3462 519 3511 commissos
537 3462 620 3512 medio
638 3465 706 3514 canit
717 3479 760 3528 eg·
797 3461 912 3523 epitheto
920 3473 1055 3512 cuneatum
1066 3463 1160 3514 dicitur
1177 3482 1192 3516 u
1209 3468 1320 3530 Virgilio

240 3547 301 3596 gere
320 3535 407 3585 indos!
423 3537 458 3584 Et
475 3536 634 3586 Macrobius:
652 3537 721 3587 ‘Sed
733 3546 761 3588 et
796 3536 840 3584 itto
854 3550 944 3587 verser:
964 3539 1091 3589 ‘Cnueeti
1108 3541 1166 3590 binc
1178 3541 1238 3592 luta
1249 3544 1320 3592 tirco-

240 3607 372 3667 Leberinr,
393 3609 509 3671 sequenti
534 3612 618 3660 stetim
644 3613 759 3662 cominis-
797 3612 830 3660 tri
845 3611 961 3662 Seditio!
993 3613 1024 3662 iu
1043 3615 1092 3663 otio
1110 3615 1257 3679 significatu
1273 3631 1318 3668 eu-

239 3681 320 3744 rione,
340 3683 415 3730 mimo
426 3697 491 3732 noro
502 3683 632 3748 interjecit
647 3687 691 3735 bos
703 3701 759 3737 ver·
796 3701 858 3737 neus
866 3690 975 3739 erterdo
986 3692 1116 3742 militetis:
1134 3695 1223 3759 dequo
1233 3693 1318 3744 idem:

238 3755 298 3802 stre.¹
314 3755 427 3804 Berouid.
459 3757 758 3824 Commisrionesgiodie-
795 3763 923 3828 ‘Disiecti
934 3766 1009 3814 cunei
1020 3767 1180 3833 desolatique
1196 3771 1320 3835 manipli!

123 3885 130 3890 .
238 3833 319 3877 torum
332 3829 491 3886 dicebantur,
502 3845 560 3880 euru
575 3835 758 3898 periacomps·
795 3838 827 3886 ub
846 3839 955 3901 Aperieio
973 3853 1022 3889 non
1043 3841 1132 3900 inscite
1149 3845 1319 3896 ‘excuneati'

238 3903 368 3952 nubantur.
401 3905 443 3952 Sic
456 3906 464 3932 ‘
476 3909 757 3959 committereanluros'
794 3912 864 3970 dicti,
884 3913 973 3977 quibnr
992 3915 1097 3964 sedendi
1113 3918 1182 3966 locor
1198 3933 1249 3969 uon
1265 3919 1317 3971 init

238 3976 306 4038 aptid
319 3978 436 4039 Potitum,
447 3986 488 4028 est
499 3980 594 4030 animos
604 3982 630 4030 in
641 3985 758 4035 coturnis·
794 3987 819 4036 in
836 3987 923 4035 ctrneia
941 3986 1074 4039 coniectis.
1092 3991 1205 4042 Buouid·
1235 3994 1317 4045 Tires-

235 4052 510 4102 aiouernetcertamen
531 4055 668 4118 adducere,
687 4061 756 4108 cred
791 4060 827 4108 tri
848 4067 935 4122 perles
955 4069 1054 4112 ueteres
1074 4079 1155 4117 cures
1174 4075 1201 4117 et
1216 4069 1315 4122 sedilia.

237 4126 428 4174 contentionem
460 4142 616 4192 comparere·
633 4145 634 4148 ’
658 4133 758 4185 tumet.
793 4137 856 4186 Mox
868 4136 960 4187 additis
972 4137 1028 4186 aliie
1039 4139 1160 4190 sedilibus
1172 4143 1316 4208 altioribus,

236 4195 279 4248 ito
295 4199 380 4261 paullo
398 4209 472 4265 post:
490 4205 580 4257 ‘Quos
597 4207 674 4258 etiam
691 4223 756 4260 conr·
793 4214 919 4263 scalarum
939 4227 1039 4276 qnoque
1058 4229 1116 4264 ustis
1136 4219 1267 4284 quaesitus,
1287 4229 1315 4272 et
