3014 4886
236 397 323 468 tras
558 401 756 472 ascensus
780 367 995 448 antnionun

236 577 324 646 terpr.
340 562 465 622 Aretino
478 547 625 618 Foeliciter
639 549 774 616 absoluta
794 557 861 608 sunt
883 547 926 608 A.
940 531 1163 604 mccccn'xxtt.
1179 533 1333 624 Medeam

237 661 275 721 de
288 681 318 719 re
332 657 459 717 militari.
504 651 552 714 De
575 647 796 729 Magistratibus
817 653 849 704 et
868 637 1055 702 Sacerdotiia
1078 633 1197 694 Plinius
1217 629 1256 690 de
1269 630 1336 690 viris

239 755 407 816 illustribus.
420 761 451 813 4.
465 773 488 815 a
502 750 523 812 l.
545 758 576 808 et
596 755 711 828 typogr.
732 743 805 804 forte
827 739 936 800 Rornae
956 725 1335 816 imprema-Panzer'l'r

242 852 421 1008 militia&
433 939 574 1000 Suetonii.
587 933 760 1014 Tranquilli.
773 931 832 992 De.
842 927 1060 989 Grammaticis.
1082 923 1133 984 Et.
1143 917 1336 982 Rhetoribnst

242 1041 348 1103 (ilaris.
370 1039 467 1098 Liber.
490 1029 748 1114 Incipit-Haec
769 1030 799 1087 in
819 1025 914 1086 fronte
922 1023 1012 1083 literis
1023 1017 1185 1101 quadratis.
1226 1015 1267 1075 In
1279 1014 1338 1075 line

242 1137 344 1198 iisdem
357 1134 462 1194 literis:
486 1129 694 1210 ‘Impressum
707 1123 874 1184 Florentia.
897 1118 1002 1200 Apud.
1013 1116 1163 1177 Sanctum.
1178 1101 1337 1174 iacobum.

245 1229 430 1311 De.Ripoli.
440 1243 479 1288 m.
494 1241 589 1286 cccc.
605 1237 755 1283 axxvru.
768 1225 798 1285 4.
808 1215 961 1277 -ltlaitt
971 1235 1001 1294 p.
1012 1219 1123 1274 sanet
1133 1215 1206 1270 894.
1218 1207 1339 1270 Passer

245 1317 320 1390 Τ.ἰ.
335 1348 365 1407 p.
379 1331 449 1385 406.

287 1429 367 1483 1480
384 1419 521 1480 Suetonii
533 1415 615 1476 vire
624 1412 786 1480 Caesarum,
800 1429 867 1469 cnm
889 1405 1013 1468 Domitii
1027 1400 1177 1465 Galderini
1189 1400 1255 1461 rita
1266 1398 1340 1459 Sue-

247 1519 327 1580 tonii.
350 1516 388 1577 Iri
400 1515 477 1574 fine:
507 1509 627 1571 ‘Finisz
657 1507 730 1567 Hoc
750 1525 824 1586 opus
835 1503 996 1582 'diligenter
1015 1497 1202 1559 emendatum
1220 1496 1341 1576 impres·

247 1633 311 1673 snm
323 1621 368 1672 est
380 1607 545 1671 Mediolani
557 1625 609 1687 per
623 1602 787 1663 Antonium
802 1589 1343 1678 Zarotumoperaetimpensalolmn·

246 1709 291 1768 nis
303 1705 420 1786 legnani
440 1703 489 1764 die
509 1717 583 1763 xvi.
605 1697 785 1760 Novembris
806 1695 897 1755 Anno
917 1693 1036 1754 domini.
1060 1705 1099 1751 sl.
1113 1703 1210 1749 cccc.
1225 1687 1343 1749 unx!

250 1802 473 1866 Pol-Mein.
488 1821 517 1880 p.
531 1805 603 1858 410.
625 1794 746 1854 Panzer
758 1790 796 1853 T.
811 1808 849 1853 11.
864 1812 894 1871 p.
909 1797 960 1852 ³8.

288 1933 329 1948 -
350 1896 516 1964 Suetonius,
537 1899 594 1952 &c
629 1889 667 1948 In
688 1888 782 1968 prima
810 1887 918 1968 pagina
936 1884 988 1945 iol.
1010 1891 1040 1946 2.
1063 1883 1197 1960 legsmtur
1219 1871 1344 1940 Assorini

250 2015 348 2057 versus
367 1993 404 2053 de
426 1989 559 2051 Suetonii
579 1979 709 2056 historia,
731 1984 838 2063 quibus
857 1979 973 2042 accedit
992 1977 1109 2039 n'nrlus:
1139 1975 1199 2036 ‘0.
1212 1971 1345 2036 Suetonii

249 2089 413 2171 Tranquilli
424 2087 462 2148 de
475 2087 537 2148 vita
549 2099 616 2144 xli.
638 2082 789 2143 caurum
798 2078 886 2138 Liber
894 2076 1049 2157 primus-
1057 2073 1098 2134 D.
1113 2071 1212 2132 Julius
1224 2070 1346 2131 ΟΜ]

252 2191 290 2249 Ιιι
303 2187 379 2248 line:
401 2184 460 2244 ⁴0.
473 2178 607 2243 Suetonii
617 2175 783 2255 Tranquilli
795 2174 832 2234 de
844 2174 907 2233 vita
920 2187 985 2232 x11.
1006 2171 1158 2231 Caesamm
1171 2167 1253 2228 Libri
1273 2167 1345 2228 duo-

252 2284 376 2346 decimi:
399 2301 434 2341 ac
448 2278 542 2339 ultimi
554 2275 641 2336 linia'
682 2272 850 2352 Sequuntur
870 2268 958 2328 iidem
980 2265 1105 2326 Ausonii
1122 2285 1234 2334 versus,
1246 2283 1346 2324 mono-

237 2382 346 2441 'sticha
369 2378 407 2438 de
432 2375 534 2437 ordine
559 2372 776 2452 imperatorum,
802 2364 987 2426 Tetrasticha
1011 2362 1049 2422 de
1083 2360 1252 2422 Gaesaribns
1284 2369 1350 2440 post

252 2474 467 2554 Tranquillum,
488 2470 548 2532 duo
574 2465 681 2544 Elogia
707 2461 848 2522 Suetonii.
870 2459 1022 2520 Tindem:
1057 2457 1169 2516 ‘Finis
1192 2473 1232 2516 sa.
1253 2471 1349 2516 cccc.

255 2587 361 2630 nxxx.
375 2565 568 2645 Regianum!
586 2562 677 2622 Char.
691 2559 785 2620 Rom.
798 2578 865 2618 cum
878 2557 952 2636 sign.
966 2555 1017 2616 sol.
1032 2552 1104 2614 min.
1116 2574 1140 2616 s.
1154 2552 1176 2614 l.
1190 2561 1222 2628 el
1233 2563 1350 2634 typogr.

255 2659 584 2724 mentione-Panzer
596 2655 634 2716 T.
649 2671 697 2717 lv,
711 2675 742 2734 p.
755 2661 825 2715 464.

294 2793 335 2806 -
355 2755 512 2817 Suetonius
532 2752 569 2811 dc
583 2751 645 2812 vita
657 2767 725 2810 x11.
746 2749 908 2808 Caesarum.
930 2747 998 2808 Fol.
1012 2765 1038 2806 s.
1060 2767 1089 2806 n.
1104 2744 1125 2806 l.
1139 2755 1171 2806 et
1183 2753 1351 2826 typogr.-

255 2853 355 2914 Maitt.
371 2873 400 2932 p.
413 2857 483 2911 411.
498 2847 617 2907 Panzer
629 2843 667 2905 T.
683 2861 729 2904 lv.
743 2865 773 2924 p.
787 2849 836 2906 23.

294 2955 374 3008 1488
396 2945 433 3005 C.
448 2943 581 3004 Suetonii
593 2940 758 3020 Tranquilli
771 2939 809 2999 de
824 2936 898 3000 Vita
911 2955 977 2999 ΧΗ.
1000 2938 1162 3008 Caesarum,
1184 2956 1254 2996 cum
1267 2935 1353 2998 Phil.

257 3042 397 3120 Beroaldi
409 3043 471 3102 vita
483 3037 627 3099 Suetonii.
670 3035 707 3096 In
726 3037 820 3116 prima
841 3035 948 3115 pagina
960 3033 1055 3093 ultimi
1073 3033 1136 3093 lolii
1149 3034 1276 3114 primum
1289 3034 1353 3114 qni-

255 3141 322 3200 dem
343 3138 449 3218 legitur
468 3153 592 3215 sequens
613 3131 670 3193 ‘ad
684 3121 835 3192 lectorem'
856 3131 1018 3190 monitum:
1039 3129 1240 3208 ‘Quicunque
1259 3127 1354 3188 Tran-

257 3236 381 3317 quillum
401 3230 642 3293 emendatissimos
662 3227 793 3288 lectionis
812 3227 919 3286 habere
942 3225 1041 3304 cupis:
1063 3223 1140 3283 hunc
1160 3243 1244 3284 eme:
1267 3233 1356 3284 etse-

256 3353 342 3392 curus
355 3331 413 3391 abi.
456 3326 540 3388 Nam
562 3323 663 3384 Simon
685 3321 833 3403 pasqualis
855 3319 1024 3381 Jodertinus
1045 3321 1185 3396 (vestrum
1206 3319 1358 3381 ardnlides

257 3428 403 3504 delitium)
417 3430 555 3485 accurata
567 3420 598 3479 id
610 3421 671 3498 egit
682 3417 902 3478 emendatione:
925 3425 958 3476 ut
978 3415 1058 3496 quod
1070 3415 1213 3496 impediat
1226 3415 1358 3496 legere·

253 3526 318 3602 jam
338 3522 444 3580 frustra
464 3519 511 3578 hio
533 3516 726 3597 perquiratur.
748 3533 838 3592 quare
861 3513 908 3572 rel
929 3531 967 3572 ex
989 3511 1045 3572 hac
1065 3512 1252 3591 impressione
1266 3528 1357 3572 vnum

257 3619 368 3678 habeas
380 3615 427 3676 vel
441 3613 554 3674 nullum
566 3611 751 3671 emendatum
765 3610 900 3690 quaeras?
927 3607 1003 3668 Tum
1018 3609 1078 3667 alia
1088 3608 1220 3688 sequitur
1233 3609 1357 3669 notitia:

259 3727 267 3752 ⁴
280 3715 365 3796 Opus
385 3713 442 3772 hoc
462 3717 614 3770 exaratum
635 3716 666 3766 et
688 3707 855 3786 impressum
868 3714 914 3764 est
927 3704 1059 3764 Bononio
1072 3703 1293 3782 diligentissime
1306 3725 1359 3786 per

259 3831 305 3871 me
320 3809 479 3870 Platonem
496 3806 534 3864 de
548 3801 718 3868 Benedictis
729 3809 935 3881 stampatorem
957 3799 1088 3878 ejusdem
1101 3799 1232 3859 ciuitatis
1243 3801 1357 3860 ciuem:

260 3907 351 3968 Anno
376 3903 487 3967 salutis.
521 3915 559 3960 m.
576 3913 670 3959 cccc,
698 3913 874 3956 nxxxvlu.
901 3896 1024 3976 septimo
1050 3893 1204 3954 Kalendas
1231 3894 1360 3955 Martias

259 4001 374 4060 Joanne
390 3997 548 4060 Bentiuolo
570 3993 761 4060 Bononiensis
774 3993 900 4053 Senatus
919 3985 1070 4071 principe!
1084 3991 1151 4053 Fol.
1160 4025 1199 4038 -
1210 3991 1313 4052 Maio
1327 4003 1358 4072 p'.

260 4101 330 4155 eoi.
345 4093 512 4154 Panzer'r.
529 4110 552 4152 1.
566 4111 595 4171 p.
608 4097 679 4151 mo.
834 4079 840 4090 '

300 4197 380 4250 1489
402 4189 567 4258 Suetonius,
590 4207 657 4246 eum
679 4185 875 4266 Scriptoribus
900 4183 1024 4242 historiae
1053 4183 1207 4260 Augustae.
1254 4183 1360 4246 Prima

261 4288 371 4366 pagina
382 4285 444 4344 solii
458 4291 487 4343 1.
501 4301 595 4342 vacua
608 4281 708 4340 relicta
723 4291 784 4340 est:
808 4283 835 4339 in
855 4299 956 4340 avorsa
970 4263 1104 4356 leguntur
1116 4295 1215 4337 vorsus
1230 4281 1357 4342 Ausonii
