3014 4886
268 837 666 932 aecensus
714 785 1162 936 ammomum

237 1067 238 1070 ¹
319 1044 369 1131 e.
400 1047 696 1135 sua'ronn
724 1049 1114 1154 rannournnr
1196 995 1199 1002 ¹

223 1269 535 1334 EMENDATIOR
569 1273 624 1335 ΕΤ
659 1275 869 1338 AUCTIOR
897 1277 1204 1346 FABRICIANO.

429 1421 467 1472 IN
485 1421 653 1480 Quaruott
670 1423 806 1474 AETATES
823 1423 997 1475 arctatus.

520 1665 578 1728 [rx
595 1665 650 1714 en.
667 1665 804 1714 erronr.
822 1667 906 1730 rocon

500 1915 624 1976 AETAS
647 1914 674 1975 I.
696 1914 908 1975 NATALIS.

606 2033 816 2090 raro-1⁵15.

161 2149 383 2214 Cunaroaas
397 2152 481 2232 primi
494 2151 576 2214 fuere
587 2152 637 2214 Jo.
652 2141 726 2212 Ant.
742 2151 1007 2232 CampanusetJo.
1022 2150 1170 2224 Andreas,
1186 2151 1257 2233 Epi·

158 2266 267 2328 scopus
274 2247 446 2320 Aleriensis,
457 2247 681 2319 Bonaecursius‚
697 2247 786 2309 Dom.
796 2245 981 2318 Calderiaus,
994 2256 1025 2308 et
1035 2247 1133 2307 Xicco
1146 2247 1257 2308 Polen-

159 2351 256 2402 tonus.
299 2343 471 2404 Successere
493 2345 744 2406 commentatores
768 2345 814 2406 M.
838 2345 914 2406 Ant.
938 2343 1103 2406 Sabellicus
1123 2356 1154 2406 et
1174 2346 1257 2406 Phil.

162 2437 328 2498 Beroaldus
341 2449 433 2520 pater.
474 2439 551 2501 Tum
573 2442 715 2502 rationem
736 2442 829 2520 magis
841 2442 971 2502 criticam
985 2441 1143 2500 adhibuere
1157 2441 1258 2500 Guido

160 2533 349 2606 Morillonus,
363 2536 463 2616 primae
485 2536 670 2608 Parisiensis,
693 2537 846 2596 Marianus
857 2535 995 2609 Tuccius,
1009 2537 1109 2617 primae
1127 2536 1256 2596 Juntinae

157 2639 317 2690 curatores.

200 2735 282 2793 1470
304 2729 405 2791 Editio
419 2732 562 2813 princeps.
583 2733 621 2794 0.
637 2731 769 2794 Suetonii
781 2732 944 2812 Tranquilli
957 2733 994 2792 de
1019 2749 1084 2794 x11.
1106 2733 1257 2793 Cesaram

159 2825 227 2886 vitis
241 2825 322 2886 Libri
336 2843 402 2888 ιιιι.
416 2847 453 2888 ex
467 2828 662 2907 recognitione
675 2828 724 2888 Jo.
745 2828 857 2888 Auton.
873 2828 1029 2910 Campani.
1064 2827 1258 2888 Praemittitur

161 2919 299 3002 Epistola
307 2921 356 2982 Jo.
371 2923 485 2984 Antan.
503 2921 650 3004 Campani
663 2924 702 2983 ad
716 2924 903 2984 Franciscnm
917 2924 1106 2984 cardinalem
1116 2923 1256 2985 Piceolo·

158 3018 297 3078 mineum.
334 3017 509 3098 ,Sequuntur
521 3019 589 3100 dein
602 3019 724 3080 rubricae
737 3019 875 3080 librorum
888 3019 1092 3100 perordinem.
1129 3019 1166 3078 ln
1180 3019 1255 3080 fine:

159 3113 239 3174 ‘Gai
253 3113 386 3176 Suetonii
398 3115 562 3196 Tranquilli
575 3115 612 3174 de
627 3132 692 3175 ιιιι.
713 3115 856 3176 Cesaram
879 3116 947 3176 uitis
968 3115 1041 3175 liber
1061 3115 1180 3176 ultimus
1192 3115 1256 3173 leli-

157 3210 231 3270 citer
256 3209 330 3270 linit.
353 3211 502 3270 absolutus
524 3209 621 3271 Rome
643 3211 670 3268 in
694 3211 781 3290 pinea
805 3212 921 3294 regione
945 3211 994 3270 ria
1019 3231 1095 3290 pape
1122 3209 1213 3269 Anno
1239 3231 1258 3268 a

159 3306 271 3368 Christi
283 3305 384 3368 natali.
400 3320 439 3366 rt.
454 3323 547 3366 cccc.
564 3323 643 3365 axx.
667 3303 775 3387 Sextili
796 3327 893 3366 mense
917 3305 1009 3366 Pauli
1030 3313 1128 3364 autem
1146 3303 1256 3364 Veneti

161 3419 199 3462 ιι.
208 3403 302 3463 Pont.
314 3401 401 3462 Max.
414 3421 493 3462 anno
504 3402 608 3462 sexto!
623 3400 688 3482 Fol.
698 3422 722 3460 s.
733 3421 762 3460 n.
772 3402 966 3482 typographi3
981 3399 1150 3478 elegantiori
1158 3407 1255 3458 tamen

158 3499 328 3560 charactere
351 3499 500 3578 impressa,
523 3517 613 3576 quam
644 3507 678 3557 ut
702 3517 741 3556 ex
767 3496 884 3556 officina
910 3495 1047 3556 Udalrici
1088 3495 1164 3554 Han
1189 3515 1255 3555 eam

159 3595 300 3676 prodiime
312 3595 351 3652 sit
362 3591 511 3654 credibile.
553 3593 655 3658 Quare
677 3594 833 3672 probamus
849 3591 994 3675 judicium
1009 3589 1191 3660 Audiffredi,
1205 3593 1255 3669 qui

158 3691 236 3752 hanc
247 3690 295 3750 ed.
310 3709 329 3750 a
343 3688 409 3749 Ioh.
424 3688 507 3768 Phil.
520 3688 558 3748 dc
573 3689 742 3767 Lignamine
756 3690 922 3769 impressam
935 3697 1029 3768 putat.
1072 3687 1129 3745 Usi
1141 3695 1209 3746 sunt
1220 3706 1257 3744 es

160 3787 348 3848 Burmannus
360 3793 391 3844 et
403 3783 639 3866 Oudendorpius.
661 3782 712 3844 cf.
727 3783 828 3844 Maitt.
843 3805 872 3865 p.
890 3790 961 3844 290.
983 3783 1102 3843 Panzer
1119 3781 1156 3854 T.
1171 3797 1209 3839 ιι.
1224 3801 1254 3860 p.

159 3890 230 3946 417.
243 3881 301 3944 ool.
314 3879 400 3943 Tom.
416 3898 462 3940 ιι.
477 3901 507 3961 p.
520 3887 590 3940 413.
599 3913 640 3927 -
651 3879 765 3940 Eodem
786 3899 863 3940 anno
883 3881 998 3951 iterum,
1020 3877 1072 3938 sed
1089 3896 1128 3935 ex
1140 3875 1255 3936 diverso

161 3978 274 4040 Codice
286 3976 458 4056 descriptus,
473 3975 580 4038 Romae
594 3975 702 4057 prodiit

199 4109 240 4122 -
253 4073 412 4134 Suetonius
423 4071 611 4154 Tranquillus
622 4072 660 4132 de
670 4088 735 4146 ιιιι.
757 4069 934 4148 Cesaribus,
945 4089 984 4129 ex
997 4068 1191 4147 recognitione
1204 4066 1254 4126 Jo.

161 4173 292 4236 Andreae
313 4172 400 4234 Aler.
424 4170 525 4250 Episc.
560 4169 712 4230 Praecedit
723 4167 853 4245 ejusdem
870 4166 1002 4249 Epistola
1015 4165 1054 4226 ad
1067 4164 1200 4224 Paulum
1215 4179 1255 4222 ιι.

225 4269 315 4333 Delph.
326 4277 350 4318 et
365 4267 423 4318 Vur·
432 4265 502 4316 Bion.
699 4264 798 4314 Sueten·
1138 4265 1152 4308 ⁵
1167 4259 1190 4309 Y
