2982 4870
285 368 372 474 llil
637 419 743 472 uuum
766 415 967 468 vsuroauu
991 417 1031 467 ru
1096 427 1100 435 x

285 565 382 616 tiincst.
395 564 501 615 ment.
529 560 811 615 codexSslmsulsoo·
848 560 897 610 irus
917 558 987 610 libro
1008 573 1028 610 s.
1057 557 1255 610 ‘nausearent
1277 560 1374 612 maed·

284 640 384 692 sunus
395 637 648 690 uudenuinsiltterae
658 637 811 688 immutatio·
848 636 965 700 permisti
983 635 1099 702 partibus
1115 636 1197 702 ignes,
1212 634 1255 685 Ac
1266 636 1376 686 siliceis

284 728 318 764 ne
329 713 359 764 lit
368 714 514 764 labefierent.
530 712 575 763 Sic
584 713 651 778 apud
661 713 774 762 Plinium
784 712 810 762 iu
848 712 913 763 dura
923 713 1049 779 uiridique
1057 713 1083 762 in
1092 713 1189 763 cortice
1200 711 1290 762 sedem
1301 711 1376 764 Inte·

283 789 381 852 Paneg·
403 787 581 841 ‘laboriosus'
597 795 625 838 et
645 787 655 816 ‘'
665 785 810 839 exercitns'
847 788 932 845 niunt‚
951 797 1005 838 turn
1017 789 1090 854 sylis
1105 787 1155 837 slhi
1170 787 1263 838 collisa
1281 797 1377 839 crena·

279 863 460 931 jungunturr’
492 863 502 892 ‘
521 863 692 928 Intellrgimus
713 864 810 928 Cesar,
848 863 907 913 tus?
924 863 1025 914 Gnsrub.
1045 865 1189 924 'Flammam
1202 863 1375 927 qnudpsssins

284 953 407 1006 quantum
418 940 466 992 tibi
483 955 529 1006 pro
547 939 676 990 laboriosa
693 939 744 988 ista
756 945 808 988 sts·
845 939 952 990 historia
964 941 1050 1004 docet,
1069 939 1219 1004 plerumque
1238 939 1301 988 irets
1321 947 1376 1002 por·

283 1019 354 1068 tione
365 1025 393 1068 et
404 1018 519 1068 exercita
531 1015 686 1067 debeamus?
846 1017 997 1067 tenderunt.
1021 1016 1102 1081 cujus
1119 1015 1156 1065 rel
1172 1013 1224 1064 duo
1241 1015 1294 1064 alia
1305 1017 1374 1065 luen·

317 1096 401 1144 Comes
411 1107 482 1156 mre
492 1107 582 1156 mque
596 1089 808 1154 promtamsugae]
845 1093 915 1144 lenta
933 1095 1052 1159 exemplu
1069 1109 1094 1145 c.
1107 1097 1146 1144 lt.
1158 1091 1183 1141 in
1195 1091 1252 1156 ipso
1269 1092 1374 1143 ‘liberio

281 1170 364 1232 Liris,
374 1183 448 1234 qnam
460 1177 552 1235 portes
562 1168 697 1232 conjugem
706 1166 807 1231 hugus·
845 1169 933 1220 habes·
1194 1171 1197 1179 ‘

281 1247 302 1295 ti
315 1233 433 1307 ridiurus,
444 1259 519 1310 quam
531 1243 683 1306 transgressi
694 1242 726 1291 sd
734 1242 807 1292 Deos
878 1243 1001 1310 chirurgo]
1029 1241 1095 1292 ΕΜ
1121 1241 1245 1306 imprimis
1267 1241 1374 1292 Graeco·

280 1321 442 1372 sacerdotem
454 1334 485 1370 sc
495 1317 582 1380 filiam,
602 1325 655 1368 turn
667 1317 734 1382 fugit
746 1321 805 1368 mox
844 1331 909 1377 rum,
921 1327 950 1368 et
963 1317 1074 1367 maxime
1086 1317 1270 1367 Macedonum.
1300 1317 1373 1368 luter

278 1394 361 1448 futuri
370 1395 409 1446 sui
418 1395 528 1446 Caesarit
539 1394 698 1458 arme,cujus
710 1395 806 1443 bimum
844 1393 951 1458 puerilia
959 1392 1150 1443 recenretursb
1158 1392 1279 1456 Ulpiano,
1289 1393 1372 1442 Pend.

279 1470 347 1520 huuc
361 1470 492 1520 Tiberium
511 1471 651 1531 cesarem,
678 1469 804 1520 vindicem
842 1465 1001 1517 libantur.¹
1025 1467 1370 1532 clriamydeNutuaprlmns

278 1545 390 1596 Rotnani
411 1545 522 1608 imperii,
548 1544 716 1610 futurumque
736 1545 805 1609 ejus·
843 1542 1015 1594 Rornanorum
1032 1558 1120 1608 regum
1140 1557 1200 1594 usus
1221 1553 1272 1600 est,
1293 1551 1371 1610 quum

278 1620 338 1670 dem
350 1619 459 1671 Caesaris
469 1619 560 1682 tilium,
567 1629 670 1685 gestans
680 1621 747 1682 sinu,
758 1635 805 1685 per
842 1620 997 1684 legationem
1007 1621 1153 1672 Isaurorum
1164 1623 1322 1686 excepisset,
1332 1637 1371 1672 rs-

279 1695 573 1756 asiaitiuernm‚vltatis
584 1695 690 1746 militum
700 1692 803 1758 gladiis,
843 1694 991 1762 tionemque
1013 1712 1100 1747 eorum
1119 1695 1220 1747 habitus
1238 1699 1371 1764 percepis-

277 1784 329 1822 nno
340 1771 550 1836 eomitante,quo
570 1769 670 1821 facilius
690 1771 804 1822 occulta·
840 1778 899 1822 set:
917 1783 992 1823 arrtur
1003 1773 1104 1824 Snidas.
1130 1773 1212 1823 Porro
1227 1773 1372 1838 chlamydis

276 1853 349 1898 retur
359 1845 430 1909 fuga,
442 1845 604 1910 pervenitad
615 1859 695 1908 mare,
706 1850 733 1894 et
744 1859 803 1894 cum
840 1843 939 1910 effigies
958 1856 986 1897 et
1005 1857 1082 1898 terere
1106 1846 1257 1897 habitabilis
1279 1847 1369 1898 eedem

277 1921 332 1971 viro
343 1921 448 1972 Nerone
460 1919 619 1986 perrectaiu
630 1919 744 1970 Siciliam
752 1928 802 1972 est.
839 1919 916 1972 luisse
933 1922 1056 1974 traditur.
1082 1921 1177 1974 Strabo
1200 1921 1225 1971 in
1243 1935 1276 1972 st.
1299 1922 1370 1972 Ἔστι

276 1999 401 2050 velleius.
838 1993 1214 2061 dirrsxhqundoesdisrxiusrsrirr
1225 1997 1369 2064 oleronens-

309 2077 426 2133 Quodis
448 2079 522 2128 tutelo
543 2077 695 2128 Claudiorum
721 2077 801 2140 oms]
838 2070 948 2136 Bugfias.
981 2079 985 2084 '

276 2153 341 2203 Cum
353 2151 523 2202 Athenienses
535 2153 651 2210 clientes,
671 2154 705 2204 ub
721 2153 800 2204 servi·
873 2149 950 2198 ΜΦ
959 2147 1049 2211 ww]
1067 2149 1155 2200 3⁰¹¹ss
1172 2150 1223 2200 ¹¹⁰0
1239 2151 1299 2200 ¹⁰⁰⁰
1316 2165 1367 2200 ¹¹0¹!

274 2227 451 2284 tntemds'irer
467 2230 664 2294 appellaverint,
680 2229 800 2280 Thessali
838 2227 890 2271 iam
911 2239 958 2288 pro
977 2226 1046 2276 notis
1065 2239 1203 2290 psrerorum
1221 2223 1366 2290 insignibus

273 2299 466 2366 rerusmiuvns,
474 2303 600 2355 rucshnlo
609 2303 738 2356 fortunam
749 2305 800 2354 illis
837 2297 947 2365 scripio,
962 2315 1038 2365 quam
1056 2315 1103 2364 pro
1122 2300 1173 2351 illis
1186 2300 1266 2351 veluti
1284 2303 1367 2351 clato·

273 2378 397 2429 continuo
406 2379 601 2442 exprobrantes,
619 2379 743 2430 Romrrlus
754 2379 799 2429 de·
836 2377 1109 2442 monentiumque
1126 2377 1236 2441 cingulis
1249 2377 1367 2430 milrtsri·

272 2465 334 2502 core
344 2452 423 2502 uiam
434 2454 608 2518 appellatione
616 2455 680 2504 issue
691 2469 745 2504 reus
756 2467 798 2506 co·
835 2448 882 2498 bus
904 2449 936 2499 sd
956 2459 1076 2502 ornatum
1097 2451 1307 2516 apponebantur.
1332 2453 1366 2503 ld

271 2525 428 2590 honestavit,
464 2535 628 2590 patronatum
665 2527 799 2578 nominans
835 2524 903 2574 enim
923 2540 983 2577 cuns
1005 2527 1139 2592 chlamyde
1157 2532 1184 2576 et
1204 2527 1287 2577 fibula
1311 2531 1366 2578 rec·

271 2612 414 2664 panpmnrn
425 2607 452 2650 et
462 2601 594 2652 humilium
614 2602 797 2666 patrocinium:
835 2599 1027 2652 linteonrenit.
1051 2602 1214 2667 visuum.
1231 2609 1271 2652 rx.
1282 2605 1291 2631 ‘
1304 2605 1366 2668 pbs-

272 2681 301 2724 et
312 2674 447 2724 commoda
456 2677 573 2740 atrisque
590 2676 691 2726 addidit
703 2675 798 2733 officis.
834 2676 902 2725 ieras
914 2678 1073 2736 Rhamnetis,
1085 2687 1113 2729 et
1126 2693 1204 2728 sures
1217 2679 1293 2728 bullis
1304 2679 1365 2730 Cin-

271 2755 301 2798 et
325 2761 414 2798 eornm
435 2749 641 2812 conjunctionem
656 2753 797 2814 perhuma-
834 2751 913 2815 gula!
931 2760 958 2803 et
978 2762 1096 2805 extremo
1114 2768 1166 2806 xrs.
1184 2754 1270 2806 ‘uotis
1286 2753 1364 2806 sulse-

271 2837 330 2872 nsm
340 2837 371 2873 ac
382 2823 484 2872 civilem
496 2823 616 2875 reddidit.
650 2825 797 2876 Nonsoluns
834 2831 895 2878 runt
906 2826 1009 2892 cingula
1022 2827 1113 2879 bullis?
1130 2829 1239 2880 Ῥοπαὶ.

270 2898 394 2948 antemius
404 2898 462 2964 ipss
473 2895 536 2946 urhe
549 2898 621 2961 plebs
632 2899 796 2963 patriciorum
865 2901 905 2953 Μ.
934 2903 1027 2966 Gauio]
1057 2904 1091 2955 Q.
1119 2904 1200 2956 Gellii
1227 2903 1365 2969 Pretorio,

270 2970 416 3033 patrocinio
430 2969 633 3022 defendebatur:
651 2973 696 3023 sed
713 2980 741 3025 ct
754 2990 796 3025 co·
832 2989 907 3040 quem
920 2975 1052 3042 Augustus
1069 2977 1153 3028 occidi
1159 2978 1280 3043 J'usserit,
1293 2993 1364 3028 rnen·

269 3044 396 3096 lunianum
408 3045 590 3102 Romanarum,
606 3054 634 3098 et
652 3047 796 3112 civitatum,
833 3051 869 3098 tio
882 3065 941 3113 sup.
951 3055 1024 3101 nil.
1047 3051 1284 3116 Marcusigituroh
1294 3053 1363 3103 oeci·

270 3132 328 3184 ques
338 3119 472 3170 societatis
483 3127 511 3172 et
521 3121 642 3172 amicitias
660 3137 750 3174 caussa
766 3138 794 3174 se
832 3135 888 3172 suan
899 3122 1018 3190 fratrem,
1035 3133 1079 3176 aut
1095 3133 1169 3178 certe
1188 3127 1313 3191 gentilem
1324 3137 1365 3179 et·

268 3207 331 3258 pop.
343 3193 417 3246 Rern
427 3193 645 3260 amanuenses
658 3197 795 3250 hellosub-
832 3211 882 3262 que
893 3205 1015 3262 agnatum
1033 3216 1115 3266 suum,
1125 3201 1245 3267 Augusto
1262 3209 1291 3253 et
1307 3203 1363 3268 lpse

268 3273 384 3318 actarum
398 3282 568 3335 unaquaeqne,
583 3286 647 3337 quos
666 3272 794 3324 Romano·
831 3271 1023 3326 adversabatur.
1038 3277 1105 3328 Qrsae
1117 3291 1195 3328 causa
1207 3277 1267 3340 luit,
1279 3285 1310 3328 ut
1319 3277 1363 3329 Ti·

269 3355 325 3393 rnna
335 3343 457 3395 custodes
473 3351 501 3395 et
523 3343 645 3411 patronos
662 3347 793 3412 voluisset,
829 3347 1077 3417 herius,qnannam
1088 3360 1245 3406 testamento
1252 3353 1362 3422 sdopla·

267 3415 389 3468 habebat.
423 3411 459 3470 Et
477 3434 548 3484 saepe
566 3421 688 3484 Senatus,
704 3422 792 3474 herum
830 3428 882 3486 tus,
895 3429 1026 3477 testatoris
1039 3429 1364 3489 oomiueabstinuerit,he·

267 3496 296 3538 et
313 3489 414 3539 urbium
432 3499 461 3543 et
479 3496 593 3557 gentium
611 3499 793 3550 ebutrorersils
828 3499 968 3553 ruditatem
987 3508 1074 3552 tamen
1093 3503 1194 3556 adierit.
1222 3506 1265 3556 An
1277 3516 1362 3566 reete,

268 3561 300 3610 sd
313 3561 557 3626 ipenrssm.pstronos
569 3571 665 3634 relatis,
679 3573 792 3635 ipsorum
828 3571 1011 3627 iurisconsulti
1022 3577 1153 3641 judicent.
1181 3581 1264 3631 Extat
1282 3584 1362 3634 etiam

260 3633 537 3696 judicieratahshuit.
566 3643 752 3707 Dionys.llal.
828 3661 944 3699 numurus
955 3665 1037 3701 aereus
1053 3667 1112 3702 cum
1129 3654 1316 3719 inscriptiones
1335 3673 1361 3708 c.

299 3707 408 3760 Flamma
424 3718 618 3776 repenteesitois
633 3720 734 3784 cadmus
749 3737 791 3772 ea·
829 3735 953 3776 ussurus.
970 3739 1118 3779 nuenncus.
1130 3741 1228 3780 rrrrru.
1240 3745 1305 3781 ssu.
1316 3745 1361 3782 rr.

265 3782 330 3846 orte]
348 3785 424 3836 Quod
435 3801 484 3838 non
496 3803 554 3839 raro
563 3792 589 3841 in
597 3794 725 3844 montibus
734 3810 792 3846 ers·
828 3797 896 3849 idem
915 3798 1027 3852 t‘ortasss
1046 3817 1104 3852 cum
1126 3817 1169 3868 eo,
1186 3805 1221 3853 de
1239 3821 1289 3869 quo
1302 3807 1362 3857 Vel.

265 3859 322 3908 nire
347 3861 421 3911 solet.
449 3863 584 3914 Lucretius
606 3867 652 3918 lib.
680 3882 701 3919 r.
733 3871 791 3924 ‘At
828 3875 1131 3928 Maximuslibffugr,
1149 3879 1223 3929 luem.

264 3949 334 3998 saepe
347 3936 372 3985 in
383 3939 483 4002 magnis
498 3938 529 3989 fir
545 3943 683 4002 montibus,
699 3943 791 4011 inquis,
860 3950 1099 4012 Sisistmmsussuli
1111 3955 1182 4017 equo]
1200 3957 1303 4006 Fuuelis
1319 3964 1362 4009 est

265 4009 370 4070 utaltis
392 4011 533 4064 Arboribus
554 4016 638 4067 ricino
656 4023 790 4074 cacumine
827 4023 871 4088 qni
892 4033 967 4075 extra
983 4027 1075 4091 jugum
1096 4028 1207 4090 incedit,
1228 4039 1256 4082 et
1273 4033 1361 4098 juguli

265 4096 362 4132 summe
375 4092 491 4138 terantur
507 4090 581 4142 Inter
595 4108 632 4156 se,
645 4096 735 4147 validis
749 4095 789 4147 fu·
825 4103 975 4164 opponitur,
994 4117 1071 4167 quem
1090 4104 1176 4154 Grssci
1197 4109 1309 4172 σειραῖον,
1331 4115 1362 4160 et

266 4169 326 4204 cere
334 4156 360 4206 id
369 4161 519 4220 cogentibus
530 4167 632 4232 sustris,
641 4169 732 4221 Donec
739 4169 788 4222 tut·
825 4176 964 4240 σειραφόρον
976 4180 1117 4243 appellant.
1135 4182 1203 4231 Num
1216 4185 1259 4248 qui
1265 4185 1361 4250 jugum

264 4239 354 4282 serunt
370 4229 480 4285 flammai
499 4236 563 4289 liure
580 4245 687 4295 coortu.’
703 4245 787 4296 Meni·
824 4249 904 4314 subit,
923 4249 1002 4314 ζύγιος
1024 4255 1074 4304 illis
1094 4255 1201 4320 dicitur,
1221 4259 1235 4306 d
1260 4260 1307 4310 oso
1321 4263 1360 4323 nsi
