3012 4870
241 383 327 451 1390
586 397 695 449 rrorrr
718 395 920 446 vsarorrurr
947 396 985 444 ru
1020 359 1022 366 ¹

243 547 269 590 et
286 541 312 589 in
328 539 399 589 auria
414 537 474 590 otiu
485 538 541 589 iore
551 546 653 590 serrata
662 538 705 587 lex
715 548 767 586 xrs.
803 534 881 584 iisne
893 535 952 585 tulit
964 535 993 584 i..
1006 530 1141 584 cornelius
1150 529 1222 595 Sylla
1234 519 1331 582 Diels·

243 613 402 664 tabularum:
419 627 477 664 sor.
495 627 620 665 occtsur.
638 623 767 662 suranna
805 618 847 660 tor
866 609 899 660 de
918 610 986 658 omni
1002 607 1142 659 falsitatum
1155 621 1260 670 genere,
1271 621 1331 671 que

243 701 488 742 rememorarem.
511 690 623 738 Similem
634 686 766 736 assiduita-
804 683 830 731 in
842 683 933 747 numia,
953 682 1123 737 testamentis,
1143 681 1333 745 paraetoniu-

243 770 296 815 tear
316 766 424 829 requirit
446 766 605 828 ajurlieibur
623 765 768 827 Imperator
805 758 888 814 dieiis,
898 758 991 809 tabuiis
1003 756 1122 821 publicis,
1128 756 1235 820 aliisque
1246 756 1335 822 rebus,

242 839 402 890 Justinianus
420 831 652 891 Nurellsrxxirrr.
669 837 770 889 cornei.
806 834 958 893 comminue,
986 830 1082 896 publici
1104 829 1198 893 judieii
1228 844 1333 893 9²⁰⁸·

278 915 389 964 Neruico
397 916 537 979 intueretur]
555 916 658 979 Culenr,
669 928 769 964 mensu·
805 917 982 961 mererentur:
999 908 1033 957 de
1044 908 1134 972 quibus
1144 907 1171 958 J.
1183 905 1214 956 C.
1225 907 1333 971 copiose

244 990 674 1052 raegenus,modiosnortrosduns
688 995 715 1039 et
731 1003 769 1038 se·
806 984 906 1033 subtil.
935 981 1241 1046 adlegemuuefnts.
1273 981 1333 1032 Cri·

246 1066 293 1114 nris
305 1065 441 1128 cupiebat:
459 1067 485 1115 irl
504 1075 553 1124 est,
569 1065 703 1130 sexaginta
721 1065 769 1114 ilo·
806 1059 1228 1117 minaenimferesuntinnumera,
1239 1055 1332 1120 qnibns

244 1153 341 1189 mallos·
359 1141 481 1202 Magnum
491 1155 534 1189 m
547 1139 626 1190 fuisse
637 1155 670 1189 ex
682 1151 714 1188 eo
725 1153 768 1202 ap·
807 1134 876 1198 qnod
899 1147 973 1195 poena
994 1138 1065 1182 estet
1088 1129 1230 1180 constituta
1250 1130 1331 1193 nillil,

246 1222 335 1277 paret:
353 1215 421 1278 quud
439 1215 464 1264 iu
485 1216 558 1264 culeo
579 1221 681 1265 scorteo
701 1213 770 1262 rlsrrr-
806 1208 881 1272 hujus
892 1208 957 1270 legis
970 1221 1044 1271 prena
1055 1207 1150 1270 partim
1160 1207 1335 1276 Senatoreou·

246 1289 299 1337 nati
312 1290 368 1352 lege
381 1289 506 1352 Pompeia
517 1305 575 1339 cnm
586 1304 650 1340 caue
661 1296 689 1340 et
703 1289 771 1351 gallo
807 1284 889 1338 sultis,
908 1283 1002 1346 partim
1023 1282 1173 1346 Principum
1190 1279 1334 1344 rescriptis,

247 1371 275 1412 er
287 1363 373 1426 vipera
385 1365 560 1429 intuebamur,
573 1374 603 1415 ur
613 1366 681 1429 apuu
691 1367 769 1414 rnn-
807 1357 902 1420 purim
924 1358 1003 1407 eriam
1024 1357 1268 1409 iurisconsultorum
1293 1367 1335 1404 re-

248 1437 354 1501 quitlum
374 1447 401 1487 er
419 1439 595 1489 Modegrinum
616 1441 641 1491 J.
660 1440 691 1490 c,
708 1440 771 1504 legi.
807 1434 909 1496 sponsis
920 1433 1045 1483 attributa
1057 1440 1105 1481 ert.
1123 1431 1279 1482 Holtomnrur.

248 1526 313 1560 urus.
331 1513 444 1562 Brcloear.
840 1506 1239 1568 Damnaturiumetubsnlalorinrrr]
1260 1505 1336 1558 ludi·

281 1587 321 1634 llo
331 1587 414 1646 sertor
425 1588 593 1655 interrogarer]
611 1589 770 1642 Judiolorum
808 1599 851 1635 ees
864 1585 889 1633 in
902 1585 993 1634 cirtam
1004 1583 1113 1633 tabelias
1126 1582 1257 1646 conjicere
1268 1581 1336 1630 soie,

248 1661 414 1712 criminalium
424 1678 482 1726 pars
493 1679 543 1714 non
555 1664 658 1714 minima
669 1672 724 1715 erat
737 1664 772 1715 roi
809 1665 881 1726 baut,
890 1677 945 1727 qua
957 1662 1099 1723 insculptas
1106 1660 1194 1710 literas
1202 1657 1336 1709 hebebant

248 1738 425 1801 interrogatio.
456 1741 569 1800 Multum
587 1747 673 1790 auteur
694 1741 772 1790 iuter·
808 1739 984 1800 absolutionis,
1014 1737 1067 1788 slre
1098 1733 1337 1786 condemnationis:

249 1819 305 1865 erat
317 1813 344 1863 in
356 1815 508 1878 peragendis
518 1815 773 1880 interrogationibur,
809 1813 972 1864 absolutoria
985 1818 1071 1862 autem
1081 1810 1183 1860 tabella
1194 1816 1257 1862 uota
1266 1815 1337 1871 erat,

249 1900 300 1948 quo
319 1888 401 1936 suiuro
421 1896 490 1939 erret
501 1888 522 1938 is
533 1889 577 1953 qui
589 1890 772 1953 interrogabat.
811 1890 843 1940 Α.
865 1889 1092 1950 condemnatorim,
1112 1887 1143 1938 C.
1160 1885 1250 1936 Tertia
1261 1899 1335 1950 ono·

249 1959 401 2023 Exemplum
422 1961 521 2012 illustra
539 1964 581 2013 blo
602 1964 629 2012 in
648 1963 773 2027 Augusto,
810 1979 861 2030 que
873 1965 970 2015 tabella
987 1962 1139 2013 intermedia
1155 1962 1223 2014 inter
1234 1959 1338 2010 absolu·

251 2036 295 2096 uui
319 2050 365 2090 run
386 2037 586 2102 interrogatione
608 2040 686 2090 tacita
708 2041 772 2089 virm
810 2035 1336 2101 toriametdamnatoriamqumdieipor·

249 2111 338 2162 salutis
350 2113 515 2176 reoagerrrit.
540 2114 646 2174 Contra,
662 2115 703 2179 qni
717 2128 773 2178 pere
811 2121 852 2164 set
862 2113 1018 2179 ‘ignoturia'
1030 2112 1063 2162 ab
1074 2109 1237 2179 ignoscendo.
1263 2109 1338 2158 Perre

250 2185 332 2234 ditum
345 2199 414 2234 reum
426 2187 556 2248 uolebant,
568 2188 683 2238 omuibus
693 2189 774 2238 modis
812 2191 871 2241 talis
881 2190 949 2252 apud
965 2188 1082 2252 antiquos
1099 2185 1149 2235 suit
1166 2184 1340 2248 ampliationis

251 2261 322 2310 illurn
334 2261 360 2310 iu
371 2259 488 2310 fraudem
507 2261 558 2310 suis
570 2261 775 2324 interrogationi·
813 2266 919 2327 tabella,
929 2265 1004 2328 cujus
1018 2263 1117 2327 signum
1134 2268 1189 2309 erat
1208 2259 1242 2309 N.
1258 2268 1286 2309 et
1302 2260 1337 2318 ln

250 2336 299 2385 bus
329 2335 450 2386 iuducere
477 2339 644 2388 conabantur.
675 2339 774 2399 Cmrsb,
811 2340 879 2404 quod
898 2337 1035 2403 tigellium,
1058 2351 1108 2385 nou
1129 2335 1236 2399 liquere.
1258 2332 1337 2389 Unde

252 2411 398 2460 Irenarebis
420 2411 569 2461 mandatum
588 2410 667 2462 fuisse
688 2412 775 2474 donet,
812 2414 944 2476 ampliatio
965 2411 1136 2461 nascebatur:
1165 2416 1192 2458 et
1215 2407 1275 2458 inde
1298 2409 1337 2458 rel

252 2492 281 2533 ut
303 2485 516 2546 interrogationes
541 2485 634 2534 litteris
654 2487 777 2544 inclusas.
813 2487 927 2550 ampliati
939 2486 1012 2535 uicti.
1027 2486 1142 2536 Beronid.
1371 2474 1376 2484 ¹

250 2568 331 2625 atque
357 2560 514 2622 obsignatas,
544 2558 576 2608 sd
602 2559 776 2622 coguitionem
845 2562 987 2612 Frondem
1003 2563 1094 2625 errore]
1112 2560 1152 2610 De
1168 2559 1225 2622 lege
1242 2558 1338 2609 Corne·

250 2637 415 2699 magistratus
445 2636 584 2686 mitterent.
622 2636 777 2702 Hujusmndi
813 2637 848 2686 lis
859 2636 891 2686 de
903 2637 983 2699 falsis,
994 2650 1053 2699 qum
1064 2641 1092 2684 et
1107 2631 1339 2684 ‘testamentaria’

250 2709 483 2771 interrogationum
500 2711 620 2773 exempla
635 2711 776 2762 exstantia
813 2712 956 2774 dicebatur,
982 2710 1059 2761 Pauli
1079 2708 1159 2761 ucri.
1179 2708 1257 2758 verbs
1279 2717 1340 2758 runt

251 2784 377 2846 Evangei.
397 2783 516 2832 biattlrrei
533 2797 557 2832 o.
574 2787 615 2834 at.
631 2784 775 2835 Joaunise.
813 2787 886 2842 haee:
925 2785 1004 2836 ‘Qui
1032 2791 1214 2835 tentamentum
1247 2782 1340 2833 falsum

252 2861 292 2906 18.
304 2864 331 2906 et
342 2856 403 2906 Aet.
423 2861 463 2906 Ἠ.
478 2863 506 2906 er
520 2861 561 2907 2³.
588 2857 665 2920 Apud
677 2860 777 2911 bivium
814 2860 957 2924 scripserit,
967 2860 1117 2924 signaverit,
1123 2859 1283 2922 recitaverit,
1294 2858 1341 2924 rin·

251 2931 358 2994 inriguis
374 2940 414 2981 ert
426 2931 477 2992 llio,
493 2947 546 2995 qua
554 2932 588 2984 Q.
603 2932 709 2984 Fabium
721 2935 784 2984 Ma:
813 2936 839 2986 lu
849 2936 928 2996 malo,
939 2935 1045 2998 cujusve
1055 2932 1114 2982 dole
1125 2933 1192 2982 melo
1203 2932 1230 2983 id
1240 2932 1340 2984 fartum

252 3007 361 3070 gistrum
373 3005 496 3070 equitum,
512 3021 569 3056 euru
582 3023 597 3056 a
608 3008 727 3058 Pratum
743 3009 778 3060 ei·
815 3010 874 3073 erit,
884 3010 942 3072 loge
953 3009 1070 3059 cornelia
1079 3007 1233 3062 damnetur?
1257 3007 1285 3058 Si
1300 3021 1342 3057 er·

256 3089 338 3145 tatus,
356 3092 389 3131 ex
403 3079 526 3130 inferiore
544 3083 601 3132 ioco
618 3083 651 3133 sd
663 3083 778 3134 tribunal
815 3100 849 3150 go
867 3084 941 3134 dolus
959 3085 1106 3148 requiritur,
1125 3097 1243 3147 quorsum
1261 3082 1343 3133 tertia

254 3155 414 3210 accersisset,
426 3153 544 3217 Papirius
552 3156 646 3206 Cursor
654 3158 778 3211 Dictator
815 3161 859 3210 iiis
879 3159 993 3223 Augusti
1011 3159 1114 3209 tabulsi
1148 3157 1200 3207 Sed
1228 3157 1342 3220 Augusti

254 3231 404 3292 interrogat.
420 3231 530 3288 Brirsorr.
816 3245 932 3300 tempore
951 3236 994 3284 lex
1012 3249 1064 3286 auu
1084 3244 1136 3284 taur
1151 3241 1243 3297 aperte
1262 3231 1289 3281 id
1304 3233 1343 3288 ita

286 3305 436 3368 Sigoulones]
453 3305 486 3354 Iri
501 3311 551 3368 ert,
568 3303 648 3358 testas
665 3309 777 3361 subseri·
816 3317 929 3362 caverat.
948 3311 1057 3360 Torreat.
1096 3343 1103 3350 ·

253 3381 360 3433 beuter:
387 3381 455 3436 undo
474 3382 616 3445 hujusmodi
641 3390 778 3436 testamen·
846 3384 953 3433 Prorort
973 3384 1091 3445 delegauit
1110 3381 1210 3446 arbane]
1227 3383 1341 3434 Omnino

255 3455 591 3518 tum‘siguatum’rlieitnr.
613 3459 778 3524 Exstatquo·
815 3459 899 3509 doctis
926 3460 987 3508 siris
1009 3459 1136 3510 ementior
1162 3458 1342 3516 scribentibus,

253 3545 304 3592 que
325 3531 373 3579 uiis
393 3531 541 3580 testamenti
557 3533 667 3598 species,
689 3535 778 3585 rholo·
814 3534 873 3585 PR.
888 3535 1005 3595 delegauit
1023 3535 1082 3584 UR.
1100 3535 1343 3596 interpretantibus·

253 3601 393 3666 grnptram'
409 3602 480 3664 diota
501 3604 533 3653 ab
554 3605 665 3668 Isidoro,
683 3614 711 3657 et
729 3616 779 3671 ert,
815 3623 865 3672 que
881 3609 999 3669 Proseem
1014 3610 1131 3670 delegerit
1151 3609 1231 3660 Urbir.
1257 3611 1342 3660 Nemo

252 3677 320 3741 guod
337 3691 411 3726 manu
423 3678 554 3727 testatorir
569 3681 740 3732 conseribitur
749 3691 778 3733 et
814 3683 840 3732 in
851 3683 959 3734 bistnria
970 3694 1087 3734 versatur
1101 3685 1217 3750 negabit.
1245 3687 1342 3736 Melius

253 3752 429 3806 subscribitur,
452 3751 520 3801 uode
548 3767 640 3804 nomeu
667 3757 778 3821 sucepit.
815 3763 901 3808 autem
913 3759 1067 3810 membraneo
1076 3760 1199 3822 megrim
1215 3775 1288 3824 quam
1300 3763 1341 3810 rie·

250 3829 347 3880 ‚Verum
355 3826 517 3891 frequentior
528 3843 587 3878 urar
596 3831 717 3886 Romanis
726 3839 777 3884 ter·
813 3834 910 3895 aguit.
927 3834 1037 3884 Caraub.

252 3903 323 3953 taurii
335 3901 394 3962 fuit,
412 3901 481 3965 quod
499 3916 547 3965 per
563 3909 642 3954 testes
659 3905 776 3969 obsigna·
845 3909 882 3958 Ar
896 3909 1087 3974 gromumolium]
1108 3911 1218 3963 Nomine
1238 3914 1342 3976 prurio·

253 3977 339 4038 batur,
361 3977 393 4024 de
416 3991 466 4040 quo
486 3977 533 4025 iroe
553 3977 611 4027 loco
632 3979 776 4031 Suetonius.
813 3983 916 4034 elalium
934 3987 1037 4047 proprie
1060 3987 1223 4050 intelligimus
1242 4001 1341 4051 omnes,

254 4051 331 4099 Moru
348 4052 437 4100 Donat.
477 4050 566 4100 Codex
583 4053 776 4106 Salmanseun·
812 4063 911 4121 prester
930 4060 1043 4111 Italicos.
1070 4059 1168 4111 Indos
1192 4062 1278 4112 Plinio
1297 4064 1343 4114 lib.

254 4130 323 4174 turer.
686 4165 688 4170 .
813 4145 874 4182 vrrr.
885 4133 1057 4196 Epistularum
1065 4136 1191 4199 seriptum
1201 4139 1273 4187 estz⁴
1285 4138 1342 4187 Ita·

284 4201 347 4264 Lege
360 4200 467 4252 Cornelio
484 4203 630 4268 teneremur]
648 4205 690 4256 De
702 4203 775 4258 fairn-
811 4207 877 4258 licur
887 4215 976 4273 eatan
986 4210 1148 4274 provincialis
1158 4211 1180 4262 i'
1197 4212 1308 4264 Beronlrl.
