3012 4870
452 395 483 442 c.
505 394 683 444 suununu
709 397 915 448 oonnvruu.
1144 383 1240 450 ttttu.

133 529 257 592 gistretns
269 537 338 596 suot,
350 532 395 596 qui
408 532 563 585 decuriones
574 534 665 586 dieun-
699 537 1231 602 jnrepsetoriogubenneutlisprefleiebst

134 611 186 666 tur,
197 606 295 656 eostsilii
307 607 405 670 publici
415 611 498 672 gretie
506 611 614 674 primum
626 613 664 660 iu·
702 611 800 663 Ceser.
829 614 899 664 ilino
913 613 1013 678 quotles
1023 615 1094 677 leges
1102 614 1127 662 in
1135 617 1230 664 veteri·

135 679 260 732 trodueti.
304 683 445 732 Emenesit
475 691 562 736 eutem
589 686 666 750 origo
701 685 749 740 bus
764 691 932 745 monumentis
948 691 1107 740 consulerem
1126 692 1229 754 prouin-

135 753 246 808 nominis
262 772 279 806 e
294 758 402 808 coloniis
420 760 453 812 Ρ.
474 761 505 812 R.
522 761 548 812 in
564 761 665 825 quibus,
701 763 760 824 eise,
769 777 871 825 semper
882 763 915 814 tle
928 766 1012 828 legeto
1019 766 1129 816 Cessris
1138 782 1230 816 cousu-

135 829 178 893 qui
190 844 235 880 ess
247 831 425 895 dedsroebuut,
441 836 577 886 Triumviri
594 836 665 886 deci·
701 837 748 886 leri
756 838 885 902 intelliges
894 840 989 890 licebit.
1000 841 1094 891 Strebo
1106 841 1230 890 ὑπατικοὺς

135 919 344 972 unumquemque
356 911 457 964 consilii
467 926 561 963 oeusse
570 911 667 963 edseri·
701 910 870 972 insudemus
881 923 967 976 uuest,
978 923 1004 964 et
1016 914 1229 966 unanimum·

135 979 242 1034 bebsut.
258 983 375 1034 suum.
702 985 780 1044 ibes,
802 988 846 1040 lib.
866 1003 905 1042 tv.
938 988 1074 1054 nequem
1104 992 1229 1054 originem

169 1057 306 1120 Obeigsste
327 1061 428 1112 Rom
446 1065 581 1127 mitterent]
601 1063 664 1114 Uni·
701 1063 807 1126 hebent,
828 1078 880 1114 nou
899 1064 931 1114 eb
949 1064 1083 1116 Hsdrieno
1103 1067 1142 1115 uel
1161 1067 1231 1116 Con·

137 1146 211 1184 resse
222 1132 302 1183 ltelie
312 1144 374 1184 ente
388 1135 533 1200 Augustum
553 1139 666 1189 eivitetis
701 1137 824 1200 stentiuo,
844 1145 873 1188 ut
888 1139 986 1203 solunt,
1001 1140 1048 1190 sed
1063 1140 1097 1191 eb
1112 1140 1229 1206 Augusto

133 1208 176 1271 jus
186 1208 292 1260 bebuit;
304 1218 403 1275 ergoet
415 1211 608 1278 suffregiorum:
619 1213 665 1264 eetl
702 1214 768 1276 ipso.
781 1213 884 1266 muso.

136 1285 197 1348 quie
207 1293 316 1349 psopter
329 1289 365 1336 rei
376 1286 563 1346 difficulatem.
573 1299 601 1340 et
612 1306 665 1340 nso·
732 1288 770 1340 Ao
792 1293 871 1340 mass
889 1291 1011 1340 mussites
1027 1292 1176 1344 coemunt
1193 1294 1230 1341 s'e·

135 1362 238 1414 lestiem
253 1364 371 1416 veniendi
384 1366 491 1420 Rosusm
503 1368 611 1431 siugulis
622 1383 666 1418 oo·
703 1363 807 1426 undem]
817 1364 871 1414 Pro
882 1366 989 1416 erbitrio
1001 1380 1048 1415 suo
1060 1366 1230 1430 imperotores

136 1435 226 1500 mitiis,
235 1453 312 1501 paeue
322 1441 474 1504 tusuottjus
485 1441 544 1506 fuit,
552 1444 665 1507 nullique
703 1438 892 1504 provincierum
906 1441 968 1503 jure
983 1449 1011 1492 et
1029 1440 1230 1492 edminlstretio·

136 1512 192 1561 esui
203 1514 307 1576 populis
325 1515 436 1580 Melicis,
454 1525 593 1582 propterea
612 1517 666 1567 Au·
702 1531 760 1566 uem
772 1531 842 1580 supe
860 1525 1000 1572 mutarunt,
1019 1523 1047 1566 et
1065 1531 1123 1582 que
1141 1518 1229 1582 populi

136 1595 226 1654 gustm
246 1589 448 1654 solertesgeuus
467 1593 516 1643 buo
529 1591 664 1657 suffregio·
702 1601 785 1654 erem,
802 1606 860 1641 suus
877 1606 933 1640 esse
951 1593 1098 1653 uoluerunt,
1110 1607 1170 1642 sues
1187 1607 1230 1641 eu·

136 1677 191 1712 rum
199 1664 373 1720 coloniensum
385 1668 549 1728 eeeogituvit.
567 1671 668 1720 emet.
704 1681 756 1718 sem
776 1669 869 1732 pupulo
885 1668 1113 1731 transcripserunt.
1146 1668 1180 1716 Et
1191 1666 1229 1716 sie

167 1737 456 1790 claromontanus
472 1742 606 1800 ualidiores,
623 1747 664 1806 isc.
702 1741 736 1790 de
764 1743 937 1792 euusuleribus
965 1743 1170 1805 proconsuleres,
1202 1749 1231 1794 et

136 1815 185 1884 ipss
205 1813 322 1878 suscepit]
338 1815 393 1865 Sub
404 1817 452 1868 boo
471 1826 601 1880 praeteetu
620 1819 665 1866 Se·
701 1823 810 1865 contre:
827 1817 861 1866 de
883 1817 1062 1880 presidelibus
1085 1817 1231 1880 praetories,

137 1897 225 1938 netum
236 1889 360 1940 inermem
377 1891 557 1957 imbellemque
569 1891 667 1944 officie·
702 1891 776 1942 etde
793 1895 922 1956 pretoriis
937 1893 1087 1956 presideles
1100 1892 1231 1954 iecesmst‚

135 1963 189 2020 bet,
201 1971 230 2012 et
242 1965 275 2012 ed
292 1964 414 2016 sesolum
431 1981 502 2018 erute
519 1969 665 2031 militesque
703 1983 807 2031 querum
832 1969 1002 2018 mutationum
1028 1969 1149 2029 exemplu
1178 1975 1230 2016 ιιιιι

136 2037 323 2104 tseueierebet.
367 2040 426 2090 ileo
440 2040 473 2090 tle
492 2057 570 2094 ceum
585 2044 665 2093 Seue·
702 2041 783 2090 mttlte
799 2043 964 2104 reperiuntur
983 2043 1008 2090 iu
1030 2043 1144 2105 sutiquis
1163 2057 1230 2105 pree·

135 2113 171 2162 tui
184 2115 332 2178 populoque
341 2115 441 2180 Africa,
452 2119 477 2168 N
481 2118 584 2179 mnitlie,
593 2118 668 2176 Asis,
702 2115 791 2170 sertim
803 2115 1024 2178 inscriptionibus,
1042 2124 1071 2164 ut
1083 2130 1116 2165 ee
1129 2118 1179 2166 bue
1192 2115 1232 2166 sl'·

135 2195 231 2240 etcum
243 2189 323 2254 Epiro
334 2191 447 2248 Grecis,
460 2194 599 2255 Delmatia,
607 2195 665 2244 Μι-
701 2187 770 2240 ierre
782 2191 842 2240 nibil
853 2192 888 2239 sit
900 2203 1014 2240 necesse.
1028 2191 1102 2239 liene.

135 2263 256 2328 cesionis,
275 2266 372 2327 Sicilie.
392 2267 480 2330 Crete,
494 2268 574 2332 Libye
585 2270 665 2332 Cyre·
736 2265 818 2316 Terra
832 2270 897 2314 stote
915 2263 1050 2326 subversus]
1075 2263 1231 2326 Principem

136 2339 221 2400 usius,
232 2340 355 2401 Bithynis
366 2355 424 2390 eum
442 2341 533 2392 Ponto
547 2343 666 2408 linitione,
702 2339 814 2402 Augusti
826 2339 934 2400 Trulles,
945 2339 1007 2388 etin
1017 2339 1102 2400 Cypro
1113 2338 1231 2400 plurimes

135 2413 256 2466 Smtlinie
287 2422 367 2479 etque
398 2415 526 2479 Hispenie
555 2418 667 2482 Belius,
702 2413 938 2476 eivitetumpurtee
958 2419 1036 2462 terrm
1053 2421 1125 2462 motu
1144 2413 1229 2462 eouei·

136 2491 243 2552 scripte
256 2496 332 2543 sunts
353 2490 451 2542 Ceteri
469 2499 555 2544 eutem
571 2491 665 2558 Hispe-
706 2489 817 2538 derunt:
835 2486 1057 2541 eutosBusebiue.
1074 2487 1187 2538 Beroeid.

137 2566 188 2614 uie
201 2563 272 2628 quod
284 2564 408 2628 reliquum
420 2573 487 2628 erut,
498 2575 526 2616 ut
540 2568 665 2618 'l'srreeo-
735 2564 803 2614 Cst’.
814 2568 857 2616 48.
874 2565 970 2625 mgna,
986 2563 1071 2626 quibus
1093 2563 1149 2612 beili
1163 2563 1230 2625 jere,

136 2641 226 2692 uenus
253 2639 469 2704 busiteniuque:¹
498 2649 551 2692 tuus
584 2642 666 2692 omnis
702 2638 755 2700 tre]
783 2639 871 2688 eones
890 2638 999 2688 Selmes.
1015 2638 1163 2699 Regnorum,
1178 2639 1242 2702 qui.

137 2716 234 2778 Gellie,
244 2724 272 2763 et
282 2714 464 2777 Narbonensis,
472 2723 500 2770 et
513 2718 666 2780 lugdunen·
703 2713 980 2776 besbeltiJ'erepotiteq
995 2720 1084 2774 preter
1093 2719 1231 2776 pemmoni
1324 2729 1328 2740 ’

137 2791 182 2852 sis.
193 2789 399 2854 nquitmuqus,
409 2787 437 2842 ‘et
448 2792 554 2854 Celtici,
565 2807 624 2844 oum
635 2793 666 2842 iis
702 2789 795 2849 indere,
815 2785 1016 2850 quibusquam,
1041 2787 1157 2850 reddidit,
1188 2794 1231 2838 out

138 2866 251 2929 populis,
281 2865 326 2929 qui
347 2879 436 2915 eorum
461 2866 545 2916 coloni
570 2874 665 2918 esseut.
702 2863 845 2925 alienigenis
855 2861 998 2912 eortriieit.

136 2943 248 2996 cetere
261 2939 412 3003 provincie,
421 2954 478 3003 quse
490 2947 549 3004 poet
560 2941 587 2990 id
600 2949 665 2990 tem«
735 2938 853 2989 Edeeuoit
863 2939 934 2988 sinet
947 2953 1000 2990 een
1009 2938 1058 2986 esis
1072 2942 1096 2988 et
1113 2937 1231 3003 instituit]

137 3031 185 3081 pus
196 3016 245 3066 sub
253 3015 395 3067 Rementem
405 3013 528 3064 ditionem
541 3029 666 3078 perseus·
702 3013 734 3062 lu
745 3014 785 3062 bis
797 3012 938 3076 Agrippum
949 3011 1100 3065 Aristobulo
1116 3013 1230 3062 Herodis

137 3099 209 3154 runt,
218 3103 322 3153 semper
331 3089 481 3153 imperatori
491 3098 667 3144 secesserunt.
702 3087 755 3138 tilio
773 3094 870 3139 netum.
902 3084 1030 3148 Jusepbus
1045 3086 1089 3138 lib.
1105 3099 1187 3138 euers.
1207 3101 1231 3136 e.

137 3165 314 3218 Diocessius.
703 3167 727 3216 8.
758 3162 810 3212 Sed
822 3161 928 3212 steises
939 3160 1041 3224 quttuo
1051 3175 1108 3214 eum
1119 3161 1231 3224 Augusti

171 3243 278 3292 catenus
294 3239 665 3303 Procosmis'beseortitopsrssi-
703 3237 787 3288 liberis
809 3244 837 3288 et
865 3235 1003 3300 nepotibus
1030 3235 1152 3288 educetis
1180 3237 1232 3288 etsi

138 3317 181 3380 sit]
191 3317 357 3376 Consuleres,
365 3316 408 3380 qui
421 3316 509 3379 populi
519 3317 666 3378 provinciee
703 3326 762 3362 eum
774 3311 895 3360 bonorem
914 3324 962 3360 uon
974 3317 1073 3362 temere
1092 3309 1175 3358 cuivis
1187 3309 1233 3358 ille

138 3391 364 3451 administrebsut‚
380 3389 536 3442 dicebentur
550 3391 666 3440 Procon-
703 3387 807 3436 detulit.
838 3385 977 3435 Suetonius
992 3384 1059 3434 libro
1075 3383 1109 3432 de
1123 3383 1233 3438 illustri·

135 3470 217 3529 eules,
227 3476 256 3520 et
269 3466 361 3516 sortito
373 3467 397 3516 iu
409 3479 453 3514 ess
467 3463 666 3528 protielmeben·
704 3461 751 3512 bue
763 3459 961 3511 Gremmeticis:
979 3458 1102 3508 ‘Verrius
1115 3457 1230 3520 Fleuum,

139 3554 191 3607 tur,
201 3544 308 3606 entiquo
318 3539 419 3590 scilicet
435 3553 516 3602 more,
526 3540 569 3603 qui
581 3547 665 3588 etente
702 3535 736 3586 eb
748 3535 865 3594 Augusto
873 3530 1012 3593 nepotibus
1024 3530 1075 3580 suis
1085 3540 1232 3595 preceptor

138 3616 433 3683 Republleeobtiuebet.
441 3615 486 3678 qui
494 3629 555 3665 uero
564 3617 666 3678 provin·
703 3610 811 3664 electus.
825 3605 926 3656 tsensiit
938 3605 964 3654 tu
976 3605 1099 3668 peletium
1107 3621 1164 3656 cum
1175 3615 1233 3662 tots

138 3695 191 3746 eles
213 3690 335 3752 (laseris,
352 3690 432 3752 legeti
456 3689 602 3739 consuleres
624 3689 665 3737 uel
704 3685 805 3734 sobole:
824 3696 911 3731 serum
931 3688 961 3730 ut
979 3695 1012 3730 ue
1030 3695 1105 3745 quem
1122 3683 1232 3744 emplius

138 3768 286 3820 consuleres
297 3766 463 3828 simpliciter,
472 3779 520 3814 uec
533 3764 589 3813 illos
601 3763 666 3812 Pro·
705 3759 813 3823 postbee
826 3755 972 3818 reciperet!
990 3754 1091 3820 Cosmi.

139 3844 256 3896 eonsules
267 3841 320 3890 dici
339 3841 416 3892 moris
429 3846 496 3898 eret,
512 3853 544 3888 ue
559 3837 666 3888 ooniuu·
737 3835 854 3883 Crasti.
873 3833 978 3882 classen
990 3830 1090 3889 Miseni,
1098 3836 1121 3884 et
1133 3833 1233 3884 αὶιιτιιιιι

140 3920 263 3970 uersutur
274 3931 334 3968 cusu
351 3915 439 3979 pupuli
450 3912 664 3964 Proconsulibus:
705 3907 839 3970 linconen]
857 3906 934 3969 Aputl
946 3905 1072 3964 Misenum
1083 3913 1111 3952 et
1131 3905 1232 3955 lieven.

140 3995 201 4046 slies
212 3992 278 4044 nibil
289 3991 530 4054 prohibebeteteoe
540 3988 667 4052 eppellusi
705 3997 763 4034 usus
784 3983 889 4046 singule
904 3980 1017 4042 legiones
1036 3993 1093 4028 cum
1109 3980 1233 4032 elussibue

141 4071 250 4133 begetos
268 4064 667 4129 eeurtepmcousutemsns.
705 4059 819 4120 stebent,
845 4071 878 4104 ne
898 4053 999 4114 lougius
1020 4067 1036 4101 e
1057 4053 1141 4104 tutelu
1162 4054 1233 4108 urbis

141 4145 193 4210 gsti
205 4143 380 4207 proPseture
390 4139 544 4189 dicebantur
556 4139 669 4202 pretorii
706 4131 891 4182 obscederent:
909 4134 937 4176 et
954 4139 1011 4176 eum
1029 4126 1096 4176 rstlo
1109 4131 1234 4188 postules.

141 4221 197 4288 girl,
214 4233 279 4282 quos
291 4215 502 4282 provinciisenis
520 4214 622 4276 nomine
639 4227 670 4262 ee
708 4215 759 4268 set,
768 4206 824 4258 siue
833 4203 974 4265 more‚eiue
982 4201 1093 4252 eirouitu
1103 4204 1134 4252 ud
1147 4219 1234 4258 omnes

211 4297 301 4364 Delfi·
311 4302 335 4348 et
351 4295 408 4348 Vos.
422 4295 486 4354 ¹cluse.
647 4293 745 4342 Seston·
1109 4289 1125 4337 4
1143 4284 1170 4338 Χ
