3014 4886
269 389 358 459 1792
573 400 767 450 recussus
791 399 1008 448 surrrosurs

311 555 390 610 1500
411 547 569 607 Suetonius
578 544 769 627 Tranquillus
787 565 855 606 cum
873 545 960 606 Pbil.
985 537 1124 605 Beronidi
1144 545 1358 604 commentum

272 645 426 716 Bonouae,
439 643 493 704 lol.
516 642 668 724 Repetitio
687 643 735 703 ed.
754 643 873 704 Bonon.
899 643 1033 702 149810
1054 662 1115 721 qua
1139 641 1359 719 recognitionem

268 741 379 802 iactam
398 762 418 801 a
439 739 589 800 Beroaldo
611 741 674 820 ipso
695 749 780 820 putat
805 739 1001 808 Burmannus,
1024 739 1075 816 qui
1095 747 1128 798 et
1147 737 1243 798 multa
1268 737 1307 796 ab
1329 757 1361 796 eo

269 838 298 900 iu
311 847 396 898 textu
403 836 581 918 superiorum
589 837 748 896 editionum
762 845 875 898 munta
886 835 1062 894 observavit.

309 939 391 992 1508
411 932 449 993 G.
476 931 608 992 Suetonii
632 931 742 1011 Tranq.
769 931 807 990 de
832 931 894 991 vita
920 946 987 990 xrr.
1008 928 1271 990 cesarum-Iu
1293 929 1360 990 tine:

270 1028 443 1088 ‘Suetonius
453 1025 643 1107 Tranquillus
654 1027 692 1086 de
704 1027 766 1087 vita
778 1025 933 1088 duodecim
955 1026 1106 1086 cmm
1123 1034 1275 1086 exaratrn.
1289 1025 1361 1104 Lug-

268 1123 341 1185 duni
355 1127 458 1204 (opera
484 1123 668 1184 Baltbasaris
687 1121 887 1202 Caleograpbi
900 1121 1011 1200 lugd.)
1026 1121 1119 1180 Auno
1133 1119 1259 1180 Domini
1276 1126 1362 1182 1508.

269 1219 318 1280 die
330 1239 401 1280 vero
414 1236 469 1279 111.
483 1218 624 1279 Octobris
635 1218 702 1279 finit
713 1219 867 1279 loeliciter.’
879 1225 909 1279 8.
922 1218 986 1278 sine
999 1217 1086 1287 notis,
1100 1236 1120 1277 a
1132 1216 1267 1296 Caspare
1276 1215 1361 1293 Argi-

269 1316 345 1376 lensi
358 1315 537 1376 Bononiensi
550 1325 666 1384 curata3
687 1334 777 1394 quam
793 1313 918 1374 subinde
935 1322 1078 1374 memorat
1093 1311 1300 1382 Geseubonus,
1313 1313 1362 1372 bn·

269 1411 334 1473 buit
345 1419 378 1471 et
390 1409 587 1472 Burmannus.
597 1445 638 1456 -—
647 1410 766 1470 Panner
778 1409 863 1470 Tom.
879 1426 940 1470 vir.
955 1430 986 1492 p.
999 1415 1070 1469 291.
1118 1446 1123 1451 -

310 1541 351 1554 -
372 1505 529 1568 Suetonius
550 1505 588 1566 de
604 1507 700 1569 'curn
726 1506 934 1568 Grammaticis
960 1516 992 1565 et
1013 1505 1205 1576 Rhetoribus‚
1224 1523 1256 1566 c.
1271 1503 1363 1564 Plinii

269 1600 421 1682 Epistolis‚
435 1607 492 1661 &c
508 1601 653 1672 Veneriis,
666 1602 745 1682 apud
759 1601 875 1663 Aldum
887 1611 919 1662 et
931 1600 1084 1662 Andream
1097 1599 1249 1662 Sooenrm.
1263 1608 1295 1662 8.

309 1703 390 1758 1509
411 1695 449 1756 0.
470 1697 604 1758 Suetonii
620 1697 787 1777 Tranquilli
811 1697 908 1757 Divus
927 1696 1025 1756 Julius
1044 1696 1147 1758 Oresar
1168 1696 1363 1760 Dictator.—

270 1790 308 1852 Iu
334 1791 410 1852 fine:
446 1798 557 1854 ἠλοσ.
581 1809 640 1854 cu.
667 1810 793 1854 APPtvs
825 1808 1063 1854 nronrorouvs
1086 1809 1261 1854 uuruouu
1290 1809 1363 1854 mnu

270 1903 428 1948 excurro
451 1903 693 1960 roucvnsuro.
714 1904 1015 1952 nunuscmauuur
1040 1887 1145 1950 Mense
1170 1888 1253 1948 Julio
1271 1907 1309 1950 nr.
1333 1905 1362 1948 n.

269 1997 364 2044 v1111.
377 1989 407 2043 4.
417 2016 457 2029 —
468 1982 597 2044 Pauzer.
610 1983 696 2045 Tom.
711 1993 903 2065 v11.p.496.

307 2112 350 2125 -
371 2078 409 2138 C.
424 2079 582 2142 Suetonius
594 2080 705 2161 Tranq.
713 2080 751 2146 de
763 2081 918 2142 duodecim
931 2081 988 2141 Oe.
1001 2081 1070 2142 ritis
1080 2079 1259 2159 diligentiori
1271 2078 1363 2139 studio

269 2173 408 2236 emendis
415 2195 506 2256 prope
513 2175 656 2248 omnibus,
670 2197 743 2257 ques
753 2186 917 2258 temporum
927 2177 1000 2238 vitio
1011 2184 1211 2246 contraxerat,
1225 2195 1278 2255 per
1291 2173 1362 2234 Gui-

268 2271 375 2332 donem
390 2271 582 2332 Morillonum
595 2274 757 2354 nuperrime
769 2272 946 2334 vindicabis.
988 2271 1136 2352 Dispersis
1151 2291 1205 2351 pro
1225 2270 1363 2330 lectomm

268 2389 321 2428 uari
334 2369 364 2428 iu
378 2368 554 2448 marginibus
567 2368 823 2431 amototiuuculis.
864 2368 942 2430 Cum
955 2367 1038 2447 Aug.
1052 2366 1201 2427 Politiani
1210 2367 1363 2445 elegante

266 2464 343 2526 uma
368 2465 398 2524 iu
423 2464 548 2524 eundem
574 2465 744 2545 prelatione.
787 2464 1003 2524 Venundantur
1028 2461 1152 2523 Parisiis
1169 2461 1200 2522 in
1219 2463 1289 2524 rico
1307 2461 1365 2522 diri

268 2560 375 2622 dacobi
400 2563 455 2622 sub
476 2563 643 2640 intersignio
668 2563 730 2643 poti
750 2563 846 2622 stanni
866 2563 957 2640 juxte
976 2572 1110 2622 sanctum
1123 2558 1364 2621 Yvouem.-lu

268 2655 345 2716 line:
368 2654 428 2715 ‘In
455 2656 549 2716 lucem
570 2659 635 2736 jam
657 2657 755 2737 prodit
776 2656 821 2720 C.
842 2657 974 2717 Suetonii
985 2656 1096 2735 Trauq.
1110 2655 1365 2736 hystoriographi·

268 2771 363 2831 opus·
374 2750 552 2831 Impressum
565 2752 733 2811 Parrhisius
745 2774 762 2812 e
776 2753 892 2830 regione
911 2753 1042 2830 collegii
1063 2750 1208 2812 Italorum
1232 2751 1366 2831 impens'u

267 2847 501 2926 ffuvimimorum
513 2847 640 2907 virorum
653 2847 753 2928 Egidii
764 2848 941 2920 Gourmout,
952 2847 1088 2927 Dionysii
1101 2845 1189 2908 Roce
1197 2856 1231 2908 et
1244 2847 1367 2908 Pouseti

268 2943 296 3002 le
323 2942 446 3002 Preux:
482 2943 574 3004 Auno
594 2943 706 3004 domini
732 2945 887 3006 millesimo
912 2943 1141 3025 quingentesimo
1166 2943 1268 3004 nono!
1289 2951 1368 3004 8.-

266 3035 414 3098 Maittnir.
426 3035 513 3098 Tum.
528 3055 567 3100 11.
581 3059 610 3119 p.
625 3046 695 3100 199.
718 3040 837 3101 Ρο000
854 3039 940 3100 Tom.
961 3055 1024 3098 vu.
1038 3059 1069 3118 p.
1082 3045 1153 3100 589.
1195 3038 1236 3098 Ιο
1251 3039 1366 3114 Pirria·

267 3135 346 3194 tione
359 3134 488 3213 queritur
502 3133 608 3196 Editor
619 3155 670 3195 seu
683 3145 846 3218 temporum
860 3135 1011 3216 iniquitate
1022 3155 1073 3193 seu
1085 3134 1367 3215 chalcograpbomn

267 3231 413 3312 imperitis
426 3230 504 3290 male
517 3229 614 3290 adhuc
627 3230 768 3292 Suetonio
779 3234 908 3294 cessisse.
948 3230 1138 3291 Tantisenim
1151 3230 1267 3292 mendis
1279 3232 1368 3294 imno

267 3327 402 3388 monstris
414 3325 620 3388 monstralibus
639 3329 790 3399 scsmisse,
810 3337 842 3388 ut
855 3338 917 3388 tum
929 3325 1052 3388 ardum
1069 3345 1128 3387 non
1148 3326 1273 3388 molitur
1294 3337 1369 3388 emet

268 3423 427 3501 negotium,
441 3424 496 3483 uisi
508 3422 539 3482 in
552 3431 635 3483 veturs
644 3432 676 3482 et
686 3424 725 3484 ob
739 3423 769 3483 id
782 3422 968 3484 emendatum
981 3422 1129 3483 incidisset
1140 3423 1308 3503 exemplar,
1329 3425 1368 3484 ab

267 3517 432 3596 antiquas.
442 3518 573 3578 Victoris
587 3518 776 3580 Bibliotheca
787 3528 952 3580 extractum
965 3527 1084 3578 auctore
1097 3517 1213 3578 Jaoobo
1227 3518 1266 3578 de
1277 3519 1369 3580 Curia
1489 3535 1490 3566 l

268 3613 434 3692 Campano.
469 3613 516 3674 At
525 3624 623 3674 tamen
633 3617 727 3695 ipsam
735 3613 813 3676 haue
824 3616 975 3678 Morilloui
984 3614 1143 3674 editionem
1151 3616 1369 3676 vitiosifflmam
1489 3613 1490 3632 ³

266 3728 328 3770 esse
348 3717 469 3769 testatur
491 3710 608 3770 Ernesti
629 3711 658 3770 in
680 3710 808 3772 Fabricii
830 3712 868 3773 B.
884 3712 919 3773 L.
940 3709 1026 3772 Tom.
1048 3725 1088 3770 11.
1109 3730 1140 3789 p.
1153 3717 1226 3772 455.
1239 3712 1291 3791 qui
1303 3713 1370 3790 ejus
1489 3705 1490 3710 ἵ

266 3806 355 3866 etiam
375 3804 544 3884 exemplum
569 3807 674 3866 habuit
693 3809 754 3865 sine
774 3808 843 3867 suni
863 3816 942 3868 uota.
984 3804 1072 3864 ‘Jam
1092 3806 1140 3864 hic
1167 3805 1369 3878 Morillouus‚'
1489 3859 1490 3880 p

266 3900 350 3961 addit
362 3902 440 3962 idem
454 3901 615 3972 Ernestius,
629 3903 738 3963 ‘velde
750 3903 888 3964 laudatur
900 3905 938 3962 ab
951 3899 1090 3963 Adriano
1103 3901 1206 3972 Juuio,
1219 3904 1310 3964 etiam
1324 3902 1368 3963 P.

267 3993 391 4056 Nunnio
404 3998 434 4057 in
448 3997 536 4060 Misc.
552 3996 587 4056 L.
602 3996 644 4059 V.
657 3999 752 4070 initio,
766 4009 799 4060 ut
811 4000 850 4058 ab
870 4000 935 4076 ejus
954 4017 1025 4059 cura
1037 3996 1150 4076 aliquid
1162 4017 1222 4058 uon
1235 4009 1368 4058 contem-

265 4089 353 4148 nendi
367 4092 513 4170 proficisci
525 4091 651 4173 potuisse
664 4095 807 4156 videatur.
844 4094 892 4154 Et
913 4095 1034 4154 tortose
1054 4093 1119 4152 baec
1139 4095 1281 4174 exempla
1300 4103 1370 4154 sunt

265 4185 450 4264 repetitiones
461 4189 574 4248 vitiose
587 4210 639 4269 per
650 4191 898 4272 typographorum
911 4191 1073 4251 incuriam:
1094 4209 1162 4250 nam
1183 4200 1216 4250 et
1237 4199 1368 4252 0001000
