3014 4886
462 890 540 966 DE
580 887 771 966 CLARIS
813 885 1167 963 RHETORlBUS

728 1092 919 1166 LlBliR·

668 1355 971 1368 ηψ-

292 1608 800 1671 caa.1.i⁷ern8eaaraeoararren,irm
870 1607 938 1656 coe.
951 1611 977 1656 a.
994 1603 1165 1666 loamedon
1172 1602 1363 1664 meraritae·

265 1687 407 1736 curarim
423 1687 537 1742 dolam,
555 1684 691 1748 subjiciam]
717 1683 800 1734 Extat
836 1681 912 1745 repit]
940 1681 1104 1744 conparium
1125 1679 1242 1743 appellat
1266 1692 1366 1736 muner,

266 1769 404 1826 utrumque
426 1761 505 1810 etiam
525 1760 595 1824 apud
618 1759 714 1810 Aulum
737 1760 799 1810 Gel·
836 1757 932 1806 bomini
955 1759 1056 1820 privato
1079 1757 1216 1817 collatum,
1237 1761 1267 1804 ut
1287 1756 1365 1816 Verp.

266 1837 328 1886 lium
340 1837 387 1886 lib.
398 1849 444 1886 xv.
455 1837 543 1900 capite
555 1840 595 1886 11.
741 1829 746 1836 ’
837 1836 947 1895 cap-18.
1296 1873 1303 1882 .

299 1911 421 1960 Graecina
430 1908 600 1974 pretorium]
627 1909 658 1958 ld
676 1919 800 1972 eat‚pue·
869 1907 974 1957 cmo.
1001 1907 1055 1956 Nec
1075 1907 1150 1957 ulium
1171 1907 1199 1956 t'a
1218 1908 1268 1956 alla
1286 1907 1368 1966 lanu,

266 2001 318 2038 ror.
334 1989 416 2051 calip.
439 2002 462 2036 e.
489 1991 529 2037 la.
552 1987 706 2050 'Nepotem
725 1999 798 2036 ruom
835 1999 906 2048 quera
925 1987 1064 2050 pomarii]
1089 1985 1183 2036 Plurer
1201 1986 1272 2036 enirn
1288 1985 1367 2034 iaea-

266 2068 455 2127 preteritarum
483 2061 566 2111 adbuc
595 2061 748 2111 coheredem
774 2060 799 2110 ei
837 2059 897 2108 dem
909 2074 988 2110 cauea
999 2067 1115 2112 oraturer
1125 2061 1307 2112 audiebantur.
1335 2061 1368 2110 E·

266 2137 395 2188 dederat.'
428 2139 467 2188 Ea
485 2138 596 2202 epistola
615 2137 749 2188 ciceronio
766 2135 799 2185 ad
837 2134 941 2198 pilogua
952 2149 1070 2185 rerooen
1088 2137 1222 2200 peroratio
1233 2136 1300 2186 acrio
1311 2149 1368 2184 erae

265 2215 382 2275 Paetum,
400 2214 446 2265 lib.
468 2227 508 2264 rx.
536 2213 669 2263 ‘Hirtium
691 2227 750 2278 ego,
772 2221 799 2262 et
837 2210 925 2273 debet,
936 2219 965 2260 nt
978 2211 1106 2277 reliuqnat
1122 2212 1226 2262 aculem
1241 2213 1268 2261 iu
1280 2211 1369 2261 animia

265 2290 433 2340 Dolabellam
445 2287 700 2353 dicendidireipnlur
708 2288 802 2352 liabeo,
838 2287 993 2338 auditorum.
1028 2288 1117 2340 Quare
1128 2287 1173 2337 baa
1185 2294 1287 2352 parter,
1298 2289 1369 2350 ioge-

265 2366 385 2416 erauaudi
410 2367 557 2429 magistron
589 2366 660 2420 Poto
681 2365 750 2414 enim
772 2374 800 2416 te
837 2363 880 2414 nio
897 2378 944 2412 ano
962 2364 1161 2426 convenienter,
1176 2362 1301 2414 Albutina
1319 2363 1369 2414 ribi

265 2441 378 2494 audilam
396 2441 433 2507 (ri
444 2440 514 2492 forle
530 2439 564 2491 ad
580 2456 625 2492 ror
640 2442 727 2491 curule
743 2455 800 2505 per·
837 2439 1001 2504 depoposcit.
1033 2440 1146 2493 Multum
1158 2441 1248 2492 barre
1260 2441 1371 2504 raluirre

265 2515 399 2579 feruntur)
410 2517 468 2566 illoa
478 2516 547 2580 apud
565 2531 606 2566 me
622 2515 799 2579 declamitare,
837 2517 998 2574 Ciceronem,
1008 2531 1039 2567 ae
1051 2517 1178 2581 imprimis
1189 2518 1210 2566 ai
1223 2533 1289 2582 opus
1301 2526 1371 2566 earet

266 2605 308 2641 me
316 2592 389 2655 apud
401 2604 445 2641 eor
455 2591 599 2641 coeuiterel
837 2592 1023 2656 mirericordia‚
1040 2601 1194 2658 argumento
1215 2601 1268 2655 eat,
1291 2593 1371 2658 quud,

298 2666 388 2716 Bolani
411 2667 630 2729 praetimerent]
663 2667 750 2729 Bdaor,
772 2667 798 2718 id
837 2667 1134 2719 eliaaffectureiendur
1151 2677 1232 2726 erret,
1250 2671 1371 2720 Ciceroni

264 2748 316 2805 ert,
337 2741 438 2804 jactum
458 2742 533 2790 retia.
572 2741 617 2791 sie
640 2743 709 2805 apud
736 2745 799 2794 Plu·
838 2743 870 2793 ab
891 2743 949 2793 aliia
977 2744 1109 2808 peroratio
1131 2744 1244 2810 relinqui
1267 2746 1372 2796 toleret.

265 2817 390 2872 toreham,
399 2814 476 2872 βόλον
485 2813 604 2878 πρίασθαι,
612 2824 737 2882 quantum
747 2834 799 2869 uno
837 2820 881 2869 lla
891 2820 960 2870 euim
972 2819 1005 2870 de
1014 2821 1088 2870 erait
1099 2820 1125 2869 iu
1136 2820 1268 2872 Oratore:
1283 2823 1371 2876 ‘Quid

259 2893 338 2956 jactu
351 2891 467 2954 capitur,
479 2905 575 2941 emere.
837 2909 887 2959 ego
898 2895 932 2944 de
949 2894 1157 2945 miserationibus
1174 2897 1286 2962 loquar?
1309 2900 1374 2951 Qui·

303 2964 431 3027 Verulieii]
456 2964 543 3015 Aliter
564 2980 715 3030 mangones.
741 2971 800 3020 Sal·
836 2970 1072 3040 bueeoeumnaua
1089 2972 1372 3040 pluribua,quod‚eti·

264 3041 373 3090 marium
385 3041 444 3091 ride
456 3041 488 3090 ad
498 3056 558 3104 cap.
568 3045 611 3093 bb.
623 3040 692 3107 Aug.
835 3049 901 3098 aurei
910 3049 999 3113 plurer
1008 3049 1169 3113 dicebamur,
1176 3054 1372 3115 peroratione·

297 3119 366 3169 CAP·
378 3121 403 3166 2·
429 3117 506 3173 Qum
522 3131 567 3180 pro
583 3120 649 3168 aede
660 3119 686 3168 oi
702 3120 798 3184 morit]
836 3131 922 3175 tamen
941 3126 1001 3177 mibi
1021 3141 1109 3176 umner
1131 3129 1327 3194 relinquebant,
1347 3131 1372 3180 iu

264 3195 411 3246 Cbronieou
427 3192 550 3244 Eueebiir
575 3200 582 3222 ‘
594 3194 745 3256 Atroeinua,
754 3197 798 3262 qui
835 3215 885 3266 qna
896 3208 925 3250 ut
936 3200 1038 3251 viderer
1047 3202 1187 3265 excellere,
1196 3217 1249 3254 nou
1260 3205 1374 3269 ingenio,

265 3269 454 3335 aeptemdeeim
466 3275 541 3318 natur
549 3283 628 3318 annor
636 3271 746 3320 Coeliurn
756 3287 798 3321 ac·
836 3275 882 3324 aed
893 3275 983 3326 dolore
996 3275 1170 3340 eareqnebor.’

265 3347 507 3411 curaveratclarm
525 3345 593 3395 inter
611 3344 737 3395 Oratorea
752 3347 798 3397 lra-
869 3352 900 3400 ln
925 3352 969 3401 lile
988 3353 1088 3416 quodum
1113 3355 1307 3420 mtrnoirebT
1331 3359 1373 3406 De

267 3425 353 3474 betur.
387 3423 422 3472 Et
439 3419 471 3471 ed
488 3427 632 3471 extremum
650 3423 796 3474 morborum
835 3427 1374 3488 iraetoceutnnrviraliBodremmdecaua·

265 3500 345 3549 tudio
362 3499 389 3548 in
406 3498 499 3548 balneo
516 3498 651 3548 voluntate
669 3499 798 3548 exanima·
834 3505 870 3554 aia
882 3503 1109 3554 centumviralibur
1119 3505 1256 3569 sigonium
1268 3511 1373 3560 coumde

263 3581 307 3624 tue
319 3573 440 3624 beredeur
453 3573 593 3638 dereliquit
605 3575 770 3639 Augustum!
835 3579 869 3631 ad
881 3596 939 3646 cap.
950 3585 990 3630 lid.
1008 3579 1128 3644 Augurii.

671 3887 970 3912 Q

557 3970 654 4020 FlbllS
672 3974 852 4026 NOTARUM
867 3973 1076 4028 VARIORUM.

662 4091 966 4112 m
