3010 4888
257 369 342 438 1676
567 403 571 410 ·
603 381 710 432 noun
734 379 933 430 venronuu
959 375 1016 428 ru¹

289 515 452 592 Superatasiti]
468 526 656 578 Cod.·Salmss.
672 523 781 586 rectius,
849 519 1119 584 Gmcillimisarsriiss]
1133 513 1340 568 Cas‘aubonussd

255 608 427 666 superstantes
443 602 548 652 tenuat
563 617 621 650 mu:
637 615 653 650 ο
668 599 781 650 Lunensi
817 602 877 648 Μ.
894 599 977 662 Calig.
1335 618 1338 628 ·

254 677 311 726 scil.
324 676 410 739 lapide
424 685 531 726 structe.
567 683 572 692 '
690 703 694 710 ·
852 671 1230 734 Cmmiamd'aasomntses]
1247 669 1342 720 Plenus

288 751 405 814 num]
430 753 507 802 Circa
534 752 642 808 Lunam,
670 751 780 802 Etruria
817 749 874 798 illos
901 749 1074 798 cincinnorum
1101 747 1110 772 ⁴
1119 743 1227 809 grsdus'
1257 751 1343 808 vocat,

255 823 356 888 urbem,
383 827 515 877 fodiuntur
544 827 644 891 lapides
671 827 782 889 albi,·et
818 824 893 888 quelc
906 823 1016 872 Otltonis
1027 821 1234 884 capillamentum
1248 821 1275 868 in
1286 821 1343 884 ejus

255 902 406 964 discolores,
431 903 463 952 sd
490 905 630 952 ceruleum
657 907 781 963 vergente
818 898 925 948 nummis
942 899 1234 961 cernimus,quauqusm
1250 895 1344 946 reticu-

256 976 359 1039 speoie:
377 990 469 1040 megno
484 991 601 1039 numero,
615 983 643 1026 et
658 977 735 1031 mole,
751 981 782 1024 ut
817 975 843 1023 lo
870 973 933 1022 illud
961 972 1112 1036 composuit.
1157 973 1230 1022 Ornos
1255 979 1343 1020 antem

254 1053 334 1102 etiam
355 1053 481 1102 columnss
504 1067 534 1102 sc
555 1051 664 1114 grandes
684 1049 780 1099 minim
817 1048 910 1112 vadus
924 1049 965 1098 liic
980 1049 1087 1098 Sueten.
1113 1047 1210 1096 Seneca
1226 1045 1344 1096 ‘anulos'

254 1127 331 1176 nnioo
342 1134 491 1177 constantes
502 1126 588 1191 lapide
606 1126 665 1175 inde
682 1126 782 1175 cascin·
818 1125 856 1190 (ni
874 1124 960 1188 fallor]
982 1125 1098 1188 appellat
1116 1122 1158 1172 lib.
1170 1122 1202 1171 de
1215 1123 1343 1174 brevitate

256 1201 360 1251 dantur.
370 1201 381 1230 1'
393 1202 486 1265 Itaque
514 1203 638 1266 pleraque
664 1203 782 1264 egregio·
819 1203 878 1250 uite
895 1205 970 1252 elit.
990 1200 1127 1264 ingeniose
1143 1199 1240 1248 Statius
1256 1198 1303 1248 lib.
1322 1212 1343 1248 r.

256 1293 509 1344 rumoperum,qum
529 1281 617 1330 Rome
636 1286 664 1328 et
681 1279 737 1328 aliis
754 1279 781 1328 in
817 1277 909 1327 Silvar.
936 1279 1032 1327 ‘celsae
1056 1276 1145 1341 procul
1169 1276 1253 1338 sapies
1269 1272 1342 1324 fron-

254 1356 359 1406 nrbibns
380 1357 503 1412 visuntur,
531 1354 663 1404 materiem
685 1353 782 1404 habent
818 1355 852 1404 tis
875 1355 994 1412 honores,
1014 1355 1220 1418 suggestumque
1242 1349 1343 1401 comas?

254 1431 314 1482 inde
326 1431 441 1495 petitam.
463 1428 566 1479 Strabo.
817 1430 985 1480 Quinctilisn.
998 1429 1043 1479 lib.
1052 1443 1102 1479 ιιι.
1113 1444 1138 1478 c.
1150 1432 1190 1478 ltl.
1204 1427 1265 1476 ‘Do
1278 1433 1344 1476 tem·

251 1527 254 1537 ·
288 1508 473 1568 c‘uumseptuus
488 1504 535 1568 est]
553 1505 655 1554 Preter
673 1519 780 1568 genera·
818 1505 884 1568 pori,
903 1520 934 1554 nc
951 1519 1038 1555 crassa
1054 1511 1114 1570 toga
1129 1505 1173 1566 sit,
1184 1517 1236 1552 non
1251 1503 1344 1560 serica.

253 1584 305 1634 lem
321 1581 385 1631 muri
399 1579 533 1642 ambitum,
547 1593 597 1643 qno
614 1580 729 1629 clausum
741 1577 781 1628 l'u·
818 1595 850 1630 ne
873 1581 1000 1631 intumum
1019 1587 1107 1644 capnt,
1125 1593 1175 1629 non
1197 1579 1225 1628 in
1248 1579 1343 1644 gradus

251 1658 303 1706 isse
314 1654 451 1704 verisimile
462 1662 502 1704 est
512 1659 703 1704 monumentum
718 1667 780 1717 geu·
816 1663 894 1720 atque
906 1658 995 1706 anulos
1009 1649 1092 1707 totum
1107 1655 1258 1718 comptum!
1287 1655 1344 1705 Ter·

252 1732 300 1782 tile
318 1731 498 1796 Domitiorum,
517 1732 586 1792 intrp
608 1730 671 1780 illud
691 1745 780 1780 monn·
815 1737 876 1782 rent.
911 1731 994 1782 Aliter
1009 1739 1093 1782 tamen
1108 1730 1204 1794 gradus
1220 1730 1344 1781 dicuutur

252 1807 368 1856 mentum
382 1807 449 1857 Arca
468 1806 665 1870 Porpliyretica,
684 1806 710 1854 iu
730 1821 781 1870 qna
816 1807 843 1855 in
869 1807 1021 1871 capillorum
1048 1806 1344 1870 compositionessliter

251 1883 367 1945 reliquie
391 1882 501 1932 Neronis
523 1881 643 1943 reposita
663 1887 731 1940 suut,
751 1888 780 1931 et
816 1882 912 1933 annuli.
945 1881 1053 1933 inflexio
1071 1882 1138 1931 enirn
1158 1881 1216 1945 ipss
1235 1887 1263 1929 et
1282 1880 1343 1930 cris·

252 1955 293 2005 cni
305 1954 468 2018 superstabat
480 1970 525 2004 ers
542 1970 575 2005 ea
589 1957 701 2006 Lunensi
713 1971 779 2006 mer·
815 1958 887 2022 petio
904 1960 1056 2023 capillorum
1075 1959 1174 2008 nsailes
1190 1958 1342 2008 annulorum

252 2029 779 2096 more,ispide'llussiocircnmseptafnit.
816 2034 891 2084 orbes
902 2035 1055 2085 imitabatur.
1089 2033 1176 2084 cone
1197 2041 1286 2083 tannen
1306 2033 1343 2082 sic

252 2106 312 2156 lloc
323 2107 348 2155 iu
359 2106 416 2155 aliis
428 2107 505 2155 etism
522 2106 583 2169 aris,
594 2121 651 2171 qne
669 2107 717 2157 snb
735 2107 778 2156 dio
815 2111 956 2161 aceruatim
973 2112 1103 2175 crispatae,
1117 2125 1168 2160 nou
1185 2110 1265 2158 etism
1281 2123 1343 2160 con·

252 2180 425 2244 ponebantur,
451 2179 549 2230 iactum
577 2189 695 2246 spparct.
735 2182 777 2232 Ad
814 2184 879 2236 fuse
894 2201 926 2236 sc
942 2187 1102 2250 turbatae,et
1117 2185 1342 2236 indiscriminatim

249 2256 362 2305 tutelam
374 2263 400 2305 et
412 2256 596 2306 munimentum
615 2257 778 2308 addebantur
814 2268 964 2326 temereque
975 2262 1094 2325 implesse
1112 2260 1286 2321 habebantur,
1295 2259 1343 2310 sed

251 2330 308 2380 lnce
330 2337 434 2394 septs.‘
454 2331 522 2381 ilinc
545 2332 596 2381 illc
619 2333 777 2397 inquietiones
815 2349 863 2398 per
878 2336 973 2400 gradus
992 2335 1114 2401 qnoadsrn
1131 2335 1235 2400 posite,
1254 2344 1283 2384 et
1301 2349 1343 2384 or-

251 2407 394 2469 trslstitlse,
405 2407 486 2472 qualis
503 2407 573 2471 apud
594 2408 731 2471 Apuleium
750 2410 777 2458 in
814 2411 875 2460 dine
886 2411 1002 2475 digestae.
1021 2413 1059 2462 its
1075 2420 1106 2462 ut
1120 2424 1283 2477 unaqueque
1298 2425 1343 2460 sn·

251 2482 378 2545 Apologia
397 2489 525 2532 extrema:
544 2483 589 2532 ‘Si
609 2483 776 2547 philosophie
814 2488 929 2538 nnlornna
940 2488 1021 2538 series
1031 2488 1170 2538 ststionena
1180 2487 1254 2551 qussi
1268 2501 1343 2536 suan

250 2555 384 2618 honorem,
400 2559 444 2623 qui
461 2559 521 2608 milui
539 2558 621 2608 seinte
637 2573 695 2609 mea
711 2561 777 2610 antl-
814 2571 940 2624 servaret,
951 2570 978 2613 et
994 2563 1120 2627 gradstin
1139 2563 1343 2627 slreslatiaaqne

252 2629 327 2694 quior
353 2639 402 2691 est,
429 2647 554 2696 nusquam
579 2635 674 2695 minui;
699 2636 777 2686 immo
813 2638 862 2686 elia
881 2651 960 2702 snper
978 2640 1054 2689 altam
1072 2637 1219 2688 scanderet.
1253 2639 1343 2690 Latini

249 2711 341 2753 eontra
352 2703 446 2768 ubique
466 2712 616 2770 conseptum
635 2709 718 2770 pinnis
737 2719 776 2760 te·
814 2712 840 2761 iu
857 2713 896 2762 liis
913 2713 1096 2777 exprimendis,
1111 2714 1343 2778 ordinemsststie·

249 2779 313 2830 nui’
348 2779 406 2829 lloe
418 2787 520 2843 septum
541 2781 563 2828 si
582 2779 649 2830 iorte
670 2784 776 2848 proprie
813 2801 881 2843 nem,
898 2788 991 2851 gradus
1008 2789 1093 2838 solent
1112 2803 1245 2852 usurpare·
1278 2790 1343 2840 0ri-

249 2853 512 2918 pttieal,qttitinslsr
529 2855 639 2915 putealis
657 2859 774 2922 anmip·
813 2859 870 2912 dius
891 2862 992 2912 ‘crines
1014 2863 1039 2912 in
1063 2863 1152 2912 ordine
1175 2865 1294 2927 ponere,’
1313 2871 1342 2916 et

249 2927 443 2990 sauciugcbat.
477 2927 547 2975 Hine
562 2930 650 2990 puteal
667 2947 714 2994 pro
731 2947 776 2986 ars
812 2935 856 2985 ‘in
875 2937 1088 3002 statione'ltpav
1105 2939 1342 3003 Euripides-dixit.

247 3001 305 3064 ipss
315 3015 386 3064 sepe
397 3000 529 3050 nominent
538 3011 664 3056 auctores.
673 3007 774 3062 Salmas.
813 3011 1002 3062 Quinctilisnus
1009 3013 1104 3076 gradus
1112 3019 1140 3063 et
1150 3016 1259 3066 annulos
1265 3017 1341 3081 june-

281 3075 372 3138 Lups'de
395 3075 491 3139 usaue]
515 3075 615 3126 Thssos
636 3081 774 3134 insularum
812 3085 858 3133 tim
875 3087 972 3148 posuit,
989 3087 1109 3136 Manilius
1127 3089 1229 3139 ‘crines
1241 3092 1267 3140 in
1277 3089 1341 3140 liuc-

248 3153 513 3218 Cyeladumuuaest,
530 3168 657 3208 marmore
672 3160 774 3212 nobilis.
813 3168 866 3209 turn
890 3163 1005 3224 peuere,’
1027 3165 1180 3227 eleganter:
1207 3181 1266 3218 nam
1294 3167 1340 3218 illa

248 3228 326 3294 quod,
338 3236 366 3280 ut
377 3231 458 3294 inquit
470 3229 579 3288 Plinius,
590 3239 647 3281 erat
664 3237 775 3284 maculo·
806 3237 919 3285 crinium
939 3249 985 3300 per
1001 3240 1108 3288 sunulos
1119 3239 1234 3305 inflexio,
1250 3249 1279 3294 et
1293 3257 1341 3307 per

248 3319 313 3354 snm.
346 3305 404 3355 lloc
414 3317 538 3355 marmore
550 3305 668 3354 Thasium
680 3308 775 3359 intelli·
812 3311 907 3374 gradus
918 3310 1038 3375 digestio,
1054 3311 1178 3364 fluctuum
1196 3316 1274 3366 modo
1293 3331 1339 3368 ex·

248 3373 287 3442 git
305 3379 429 3444 Papinius
451 3381 496 3430 illo
514 3395 603 3431 versor
629 3383 706 3433 ‘Non
725 3385 774 3436 hue
811 3387 932 3450 tantium,
943 3387 1019 3436 modo
1030 3388 1227 3455 subsidentium,
1236 3399 1263 3442 et
1273 3392 1339 3443 inri-

248 3453 365 3504 admisse
375 3456 471 3506 Tonsos
481 3466 527 3506 aut
538 3456 633 3508 undosa
644 3460 775 3512 Cariam'
810 3469 865 3509 cem
884 3476 911 3509 se
926 3461 1137 3526 propellentium,
1147 3466 1288 3518 undulatos
1300 3470 1338 3518 in·

250 3524 363 3576 Bemld.
810 3543 945 3603 tortosque
965 3545 1048 3587 motus
1070 3541 1146 3604 plane
1167 3541 1257 3593 relrrt.
1285 3543 1338 3594 Sel-

279 3600 349 3649 cse.
366 3606 406 3650 ol.
425 3602 498 3651 Vultu
513 3606 593 3664 petam
610 3610 687 3670 mgis
704 3625 773 3673 qm
809 3626 867 3661 m,
1188 3649 1191 3660 ,

245 3675 353 3737 masto]
371 3675 574 3727 Pulcrltndlnem
595 3680 628 3728 sd
649 3685 772 3744 colorem,
842 3685 909 3736 Posse
921 3687 1031 3738 euticus
1046 3691 1191 3756 submiserit]
1216 3694 1248 3744 ld
1260 3701 1338 3759 est,s

246 3757 409 3799 venustatem
429 3751 462 3799 sd
482 3753 638 3806 lineamenta
658 3761 771 3813 teleneu·
809 3762 910 3824 postica
929 3770 1003 3826 parte
1018 3765 1224 3828 capitia,eontra
1239 3785 1336 3822 morere

244 3823 387 3890 dmm·
763 3863 765 3870 ·
809 3840 931 3900 patrium,
942 3841 1069 3902 prolixum
1080 3843 1184 3895 aluerit.
1329 3876 1333 3886 .

281 3899 367 3952 Vestes
383 3905 496 3968 prejecto]
513 3908 687 3962 Prominente.
720 3917 769 3966 'l'a-
841 3914 980 3977 Plennnqse
997 3918 1160 3980 synthesinam
1179 3921 1288 3988 indutu,
1307 3927 1336 3976 li·

244 3971 275 4018 lls
302 3989 317 4022 a
350 3979 444 4030 Plauto
477 3981 571 4032 dieitur
604 3989 769 4040 ventricosus.
805 3991 960 4049 gnioeiresua
970 3994 1055 4042 rollers
1063 3995 1169 4052 udaie,
1181 4000 1337 4060 muritta

244 4043 494 4134 Grmcesmdmp.
518 4057 643 4108 Pertinax
655 4059 770 4127 impera·
804 4063 930 4126 publicum
940 4065 994 4128 Au]
1010 4067 1069 4116 Hoc
1088 4077 1140 4131 est,
1151 4069 1245 4123 habitu
1256 4076 1335 4126 iomi-

244 4121 286 4164 ¹⁰¹
304 4119 383 4174 fuisse
404 4126 487 4180 fertur
507 4140 596 4184 ventre
617 4138 767 4200 prominulo.
805 4137 887 4188 nisio
908 4139 1019 4190 triclinio
1029 4141 1225 4198 discumbentis.
1258 4152 1334 4216 Saty-

244 4186 355 4245 ΒΜ·
473 4229 478 4238 ’
805 4213 852 4264 rici
862 4219 968 4265 anetem
985 4215 1034 4267 ‘ln
1050 4217 1090 4267 his
1100 4233 1203 4272 eramus
1212 4224 1333 4294 lautitiis,
