3012 4870
165 433 169 441 ¹
256 403 341 473 1408
578 419 709 470 'noun
733 417 937 494 vausonuqn
956 409 994 464 trs

252 560 609 626 nobiliumpersonarum‚sed
617 561 776 612 Grecsrnrn.
814 564 858 607 nat
868 555 1036 608 effeminatas
1048 561 1116 608 artes
1127 563 1155 606 et
1163 554 1289 605 indecora
1299 567 1337 604 se·

252 637 364 686 Psiiiats
381 637 413 685 ad
433 637 540 686 Graecos
563 635 684 698 pertinet.
718 634 776 683 Atia
813 631 986 682 cuiostudia.'
1006 632 1114 681 Μαι.

252 709 306 758 duo
332 723 426 773 genere
449 709 482 758 ad
506 709 609 760 Iustinus
636 710 775 772 pertinent.
845 705 1036 767 Ensibiiubutsr]
1054 706 1194 768 Histrio,si
1208 704 1294 768 psuiio
1308 717 1336 752 se

253 785 361 834 Romani
372 786 439 834 euim
451 784 552 848 togiset
561 784 775 847 prmtextisutun·
790 797 794 806 *
812 783 892 832 morit
903 791 978 831 extra
988 795 1130 839 numerum,
1145 788 1189 830 sut
1208 782 1230 828 ai
1247 793 1337 830 senua

254 859 313 910 tstr.’
330 861 456 910 Burtiirss.
810 857 991 920 pronuntiatus
1001 863 1041 905 est
1051 856 1149 919 syllaba
1166 869 1217 904 nna
1231 855 1337 903 brevior

286 936 334 984 cai
351 935 378 983 is
392 935 503 997 pueriles·
517 934 625 984 babitus
634 935 775 985 cirmum-
812 937 857 980 aus
876 931 984 994 longior,
1002 928 1163 991 exsibilatur,
1179 926 1337 993 exploditur.

250 1024 301 1058 rurs
316 1015 447 1060 motmunt
460 1009 606 1060 ministrasse
618 1011 773 1074 rumperent]
812 1004 912 1053 Cicero.

252 1082 381 1133 Videntur
392 1082 443 1133 duo
460 1083 647 1146 t'nissegeusrs
663 1093 691 1134 et
704 1084 774 1134 modi
844 1080 910 1130 Car.
931 1083 972 1130 td.
996 1079 1037 1129 Ad
1052 1079 1113 1128 isser
1135 1079 1239 1140 eoum]
1258 1075 1336 1124 Dixit

250 1157 472 1212 circumtundeudi
485 1158 581 1220 capitii.
596 1171 672 1208 unum
684 1157 774 1207 barbe
812 1154 933 1205 bactauua
945 1156 979 1205 de
991 1155 1031 1215 iis,
1041 1170 1098 1221 qum
1110 1154 1179 1204 circa
1194 1155 1255 1216 jura
1271 1151 1335 1201 cisi·

251 1233 341 1294 sicum,
352 1233 459 1282 niteruro
468 1233 581 1294 antiquis
590 1232 692 1283 Grecis
702 1247 774 1282 usur·
812 1229 873 1280 tatis
884 1244 950 1280 nors
961 1230 1083 1284 instituit,
1094 1228 1242 1278 antaboiits
1259 1226 1335 1275 resti·

250 1313 349 1369 putum,
360 1313 388 1356 et
404 1307 473 1356 iuter
488 1306 592 1358 delicies
606 1309 691 1357 cuitus
701 1307 771 1358 babi·
811 1305 860 1354 tuit
871 1303 1017 1366 Augustus:
1032 1304 1139 1366 subjicit
1156 1317 1224 1365 punc
1244 1301 1278 1351 de
1293 1301 1335 1362 iis,

251 1391 315 1432 sum.
348 1381 418 1432 Hinc
438 1383 603 1434 circrrrntonsi
619 1397 773 1446 mangonum
808 1395 866 1445 que
876 1382 946 1430 ciros
949 1381 1010 1443 jure
1020 1379 1167 1430 italicorum
1179 1378 1333 1442 populorum

250 1456 331 1517 pneri.
351 1457 772 1521 iiiuc‘oratiocircurutonsa’pm
808 1455 896 1506 sensit
907 1453 991 1506 idem:
1009 1467 1066 1505 mox
1080 1452 1113 1502 de
1125 1452 1249 1504 institutis
1265 1451 1334 1500 iiiios

248 1531 369 1594 elegunte
391 1546 423 1580 ao
444 1538 614 1593 sennsts,'ac
638 1533 774 1596 concinna,
809 1525 1334 1592 cirusprovincisrumjurspsucsdictu·

250 1603 368 1668 beneque
380 1603 488 1668 depess.
520 1606 585 1656 Heu
600 1613 703 1657 tousurs
718 1605 772 1656 for·
809 1618 860 1655 ros.
878 1604 979 1654 cusos&

245 1692 315 1728 auem
337 1681 429 1730 aireoii
450 1680 583 1731 reterebst
603 1682 707 1740 inversi,
723 1681 771 1730 boc
840 1678 1021 1743 frequentauit]
1037 1676 1333 1742 Quippoqusmtripiss

249 1759 299 1814 est,
315 1753 425 1816 rupino.
457 1755 533 1806 Unde
552 1765 580 1806 et
598 1754 771 1819 σκιφώουροι,
807 1753 883 1805 cisiis
895 1755 989 1805 beilum
1001 1755 1163 1804 esbsnserst.

248 1828 290 1890 qui
311 1829 348 1878 sic
368 1831 444 1879 tonsi.
477 1830 568 1879 Crines
587 1830 659 1878 ineo
676 1843 771 1893 genere
843 1826 1334 1892 VectiguiibrspsbiiciaJAbaquebisnui·

247 1899 359 1964 undique
382 1905 516 1966 equaliter
538 1903 721 1955 descendentes
744 1904 771 1954 iu
807 1907 1003 1954 iumcommuue
1018 1901 1267 1967 poteratcnnrtitui.
1300 1899 1332 1950 iu

248 1975 336 2026 orbern
347 1975 429 2026 ibant.
450 1979 488 2028 Es
500 1978 538 2026 usi
549 1987 609 2028 sont
619 1979 687 2028 iuter
697 1979 770 2028 Οτι·-
806 1978 935 2041 lapidibus
947 1993 997 2028 nou
1007 1991 1160 2026 raraeurnm
1170 1975 1278 2036 mentio,
1287 1975 1331 2039 qni

247 2063 292 2098 cos
304 2058 404 2099 soteres
416 2051 457 2114 qui
470 2052 604 2115 eiegautie
622 2054 770 2116 studebunt,
807 2054 910 2116 pubiics
922 2052 1056 2116 vectigalia
1064 2050 1259 2112 municipiorum
1270 2065 1332 2098 oon·

246 2123 350 2187 ephebi,
362 2125 419 2182 riri,
430 2133 457 2174 et
468 2125 536 2189 apud
551 2127 676 2176 Romsnoa
690 2128 769 2176 etiam
805 2127 956 2189 stituerunt,
987 2133 1122 2175 assuerunt.
1157 2126 1216 2174 Nou
1246 2127 1331 2173 suiuus

243 2197 352 2247 ministri
364 2198 493 2250 irrideres.
508 2201 592 2250 Testis
603 2209 768 2264 estprmsens
805 2207 891 2248 autem
912 2199 939 2249 iu
964 2200 1017 2248 suis
1044 2199 1114 2263 agris
1131 2199 1217 2249 itaiioi
1240 2200 1331 2262 popuii

245 2271 361 2322 Suetonii
373 2274 453 2324 locui.
486 2276 769 2326 Meretricesetismso
804 2274 942 2337 vectigalia
956 2285 1004 2323 sus
1021 2274 1176 2324 babuerunt:
1193 2273 1331 2322 sedetiam

243 2346 333 2396 bsiritu
347 2348 454 2398 crinium
470 2363 540 2412 saepe
556 2350 724 2409 ornabantur,
740 2355 768 2400 ut
803 2347 830 2398 iu
842 2348 1018 2398 remotissimis
1035 2348 1172 2418 interdum.
1205 2346 1275 2397 Vide
1287 2348 1330 2397 Ci-

244 2433 277 2468 ex
290 2420 421 2483 Hesycbio
431 2431 540 2494 constat,
552 2425 576 2472 in
586 2437 647 2473 vocs
656 2423 767 2485 σκάφιον.
804 2437 859 2474 cer.
869 2422 903 2472 de
920 2423 1090 2487 Arpinatibus
1104 2423 1286 2484 municipibus,
1303 2423 1330 2472 in

243 2491 311 2550 Here
321 2502 360 2542 est
370 2495 560 2556 circusntonsio,
576 2511 662 2559 quern,
674 2511 767 2562 excep·
802 2498 918 2560 epistolia
930 2499 963 2550 ad
974 2500 1009 2548 D.
1020 2500 1129 2548 Brutum
1141 2500 1234 2549 nortia
1246 2498 1330 2548 cirsi-

244 2565 277 2614 tis
287 2567 350 2628 regii
361 2569 462 2627 generis
472 2569 612 2619 bominibus
621 2571 663 2634 qni
675 2573 766 2622 intonsi
802 2571 871 2634 pinse
883 2573 1085 2636 Pruprntorem.
1104 2574 1206 2622 Ccmsb.

243 2648 327 2699 eraut,
338 2639 449 2688 Frsncos
459 2653 559 2690 nostros
568 2645 630 2694 oiim
647 2659 766 2709 usurpas·
833 2646 979 2707 Esmgitutc
987 2661 1073 2706 geum
1082 2645 1264 2710 ssffmgiorsrn]
1276 2647 1328 2695 Sed

243 2725 271 2760 sc
284 2712 623 2778 unigotestatnrsigatbiss.
648 2718 766 2770 Aiiat‘uit
802 2725 831 2768 st
853 2727 913 2770 ante
934 2721 1077 2784 Angustum
1105 2722 1212 2770 colonie
1234 2721 1328 2770 cisium

240 2788 442 2850 Bupriqsmipu,
454 2804 527 2852 quam
542 2791 691 2852 Phoenices,
699 2792 765 2844 Ars·
803 2795 982 2858 Romanorum,
994 2802 1089 2857 prietes
1097 2809 1181 2855 secra,
1191 2796 1328 2858 omniajn·

241 2861 297 2922 bes,
306 2863 419 2910 Threces
431 2869 459 2910 st
471 2863 557 2925 piures
568 2864 685 2916 barbsrss
698 2869 765 2916 nati·
801 2879 831 2914 rs
841 2867 979 2929 irsbcbsut,
993 2883 1051 2934 qum
1068 2871 1138 2918 cises
1156 2871 1266 2920 Romani
1282 2873 1328 2920 ob-

241 2948 303 2982 ones
314 2934 529 2997 frequentarunt:
553 2938 585 2984 de
595 2952 646 3000 qus
655 2937 765 2990 diximus
802 2941 929 3004 tinebsnt,
943 2943 1155 3004 quemadmodum
1173 2953 1201 2995 et
1219 2947 1327 2996 munici-

240 3006 268 3054 in
281 3007 398 3068 Epistola
409 3007 442 3056 de
454 3010 541 3058 coms.
556 3009 658 3060 Scimus.
800 3028 847 3076 pes
857 3025 915 3064 cnm
933 3015 1047 3081 suffragii
1061 3020 1133 3082 jore.
1167 3018 1225 3069 Alis
1237 3021 1327 3070 condi-

273 3081 324 3130 Per
334 3082 400 3130 trisse
409 3081 502 3130 tisutru
508 3084 586 3145 uirgis
593 3085 690 3148 comm]
704 3088 763 3138 Hoc
799 3087 836 3135 tio
848 3088 995 3140 Lndoarnns
1006 3089 1065 3148 fuit.
1076 3107 1135 3157 quse
1146 3101 1245 3142 tuntum
1258 3096 1327 3145 Latii

240 3156 345 3218 proprie
363 3154 489 3217 θαμίζειν
508 3157 598 3210 dicunt
618 3160 713 3216 Greci,
734 3170 763 3213 et
796 3161 856 3224 jure
873 3160 1032 3214 fruebsntnr.
1063 3167 1114 3216 tte
1125 3169 1261 3232 siquando
1279 3169 1326 3219 ad·

238 3228 464 3292 eupateryrsnrii'ssr.
493 3233 594 3282 nanus.
635 3235 762 3300 Pompeii,
799 3237 1042 3289 missmsdcomitis
1059 3249 1130 3302 snut,
1147 3257 1197 3291 non
1213 3245 1257 3306 jus
1276 3246 1325 3294 boc

239 3303 547 3366 &intermanentes
565 3314 635 3369 puto.
647 3322 679 3358 es
694 3310 761 3358 euim
798 3305 857 3367 tots,
868 3311 913 3360 sed
929 3311 1091 3371 beneficium,
1109 3317 1135 3365 id
1155 3317 1325 3369 tribuentium

238 3378 350 3440 Augusti
358 3385 474 3442 tempore
483 3377 596 3437 inerunt,
605 3389 701 3443 preter
709 3398 762 3434 am·
798 3385 916 3436 societati
927 3388 1039 3451 entique
1059 3397 1088 3440 et
1105 3393 1325 3454 consanguinitati

238 3453 412 3515 pbitbestrum
431 3454 528 3504 Statiiii
547 3455 636 3506 Ταυτὶ.
668 3458 761 3509 Strsbo
798 3456 958 3508 Letinornm.
976 3463 1084 3525 Oespir.
1097 3465 1237 3515 Pnsuisrisss.

237 3525 304 3574 iibro
322 3528 488 3577 v.et0rid.
506 3529 686 3581 iibrorrs.1)e
705 3541 760 3582 srte
830 3531 974 3584 Dccsriosses
1004 3538 1112 3600 coieriss']
1157 3541 1322 3592 Decuriones

239 3600 355 3649 emendi:
386 3601 489 3650 ‘Visite
511 3607 656 3667 conspicuis
685 3613 760 3658 terna
795 3605 915 3670 Senstoa,
923 3609 997 3672 piebs
1005 3613 1092 3675 popuii
1102 3613 1175 3662 Rom.
1185 3616 1324 3679 imaginem

238 3675 338 3724 tbestra
348 3673 427 3723 iocis·
444 3675 553 3724 Torreat.
797 3677 953 3738 ret'srsbsnt.
965 3692 992 3734 st
1003 3699 1036 3733 ex
1046 3685 1227 3738 decurionibus
1236 3691 1323 3754 singu·

270 3747 361 3810 Hylen
368 3747 547 3810 pantomimum]
565 3749 637 3798 Mimi
649 3751 759 3803 imitato·
795 3753 828 3802 iis
839 3757 909 3804 suuis
926 3757 978 3808 duo
997 3761 1038 3808 sei
1053 3769 1164 3824 quatuor
1180 3763 1228 3813 riri
1247 3779 1323 3816 crea·

236 3835 278 3870 res
298 3829 367 3870 aunt.
399 3820 563 3882 Pantomimi,
576 3825 686 3874 omniurn
700 3841 758 3888 per·
796 3827 1093 3894 beornrjuxssenrome
1109 3839 1324 3905 magnitudinem,

237 3911 356 3946 sonarum
397 3895 538 3945 imitatores
569 3896 758 3965 effictoresqne.
795 3905 839 3967 qui
850 3917 879 3955 rr.
898 3907 944 3956 siri
956 3909 997 3957 rei
1008 3923 1046 3960 ιν.
1058 3911 1085 3961 J.
1101 3911 1138 3960 D.
1155 3913 1182 3962 id
1202 3923 1252 3975 est,
1265 3913 1323 3978 jsr'ri

237 3971 336 4020 Plinius
345 3972 371 4020 io
383 3971 481 4034 Paneq.
496 3970 585 4021 ‘ideur
597 3987 659 4036 ergo
677 3989 758 4038 popu·
793 3974 915 4041 dicundo,
932 3981 1099 4034 vocabantur.
1131 3986 1167 4035 Hi
1180 3986 1321 4038 contutum

237 4045 276 4092 ius
287 4045 330 4094 ilie
342 4044 476 4108 aliquando
488 4047 584 4096 scenici
595 4047 756 4109 imperatoris
794 4050 966 4104 ansnorum
1005 4059 1117 4119 speciem
1148 4071 1321 4122 representa-

236 4125 367 4202 spectetur
382 4125 409 4166 st
419 4121 565 4181 appisusor,
576 4135 643 4168 none
656 4121 680 4168 iu
693 4137 756 4184 pan·
794 4125 864 4175 beut-
874 4129 1093 4192 Orophernem.
1101 4135 1247 4200 Unicuique
1257 4140 1322 4189 oisi-

236 4195 348 4266 tomunrs
359 4203 459 4254 quoque
471 4194 634 4258 adversetur,
644 4204 672 4246 et
684 4196 757 4250 dam·
794 4200 852 4262 tati,
864 4205 1013 4256 secuudum*
1025 4222 1109 4260 sueres
1127 4223 1197 4276 suos,
1208 4215 1247 4264 sui
1267 4229 1321 4266 sua·
