3014 4886
522 445 555 491 o.
577 441 772 492 sunrouu.
1145 422 1233 487 1795
1322 485 1327 496 ,

132 595 291 678 Egnatius,
317 597 369 678 qui
389 597 505 657 notulas
531 599 620 656 etiam
641 590 765 666 addidit,
792 614 844 676 pro
864 591 944 654 iliius
963 579 1102 674 teuiporis
1122 592 1249 651 ratione'

130 697 237 767 bonas,
250 715 325 776 quas
336 705 367 755 et
379 693 481 754 laudat
495 694 644 764 Erasmus,
658 703 689 752 et
701 693 820 753 editioni
832 711 893 751 suaa
906 692 1025 750 insemit
1039 690 1234 749 Burmannus.

133 793 205 872 Ipso
218 793 337 872 quidem
345 785 427 851 'bunc
441 807 524 850 suum
538 786 709 849 Suetonium
723 810 780 849 non
803 789 921 849 dubitat
942 788 1047 866 ‘longe
1061 785 1234 847 emendatis·

131 890 248 948 simum'
261 888 421 969 appellare.
465 886 529 946 Alii
550 886 588 945 de
609 895 693 946 textu
717 885 842 955 Aldiuo,
864 885 944 945 etde
958 885 1033 944 notis
1047 883 1166 961 Egnatii
1181 883 1234 940 ini-

128 985 221 1064 quius
233 983 385 1044 detrahere
398 982 570 1044 maluerunt.
593 982 643 1042 Of.
660 980 793 1041 Iudicem
815 989 943 1041 nostrum
965 980 1033 1040 edd.
1056 979 1235 1060 Scriptorum

136 1081 220 1140 Hist.
236 1081 317 1162 Aug.
333 1103 362 1162 p.
377 1082 461 1141 xxix.
476 1101 520 1161 sq.
1109 1141 1117 1152 ,

177 1184 258 1237 1518
279 1178 330 1238 Ex
350 1178 545 1255 recognitione
567 1177 641 1237 Des.
665 1177 779 1236 Erasmi
800 1174 1005 1236 Roterodami.
1028 1174 1065 1234 C.
1081 1175 1237 1235 Suetonius

133 1271 336 1352 Tranquillus,
351 1273 413 1334 Dio
426 1272 545 1333 Cassius
558 1271 692 1342 Nicreus,
708 1272 803 1332 AElins
824 1273 1006 1352 Spartianus,
1027 1270 1124 1330 Julius
1145 1269 1236 1352 Capi-

134 1371 256 1443 tolinus,
270 1371 367 1432 AElius
379 1371 574 1453 Lampridius,
590 1371 748 1432 Vulcatius
768 1371 944 1432 Gallicanus
964 1371 1007 1432 V.
1021 1368 1060 1430 (l.
1073 1369 1238 1430 Trebellius

136 1467 252 1540 Pollio,
267 1467 388 1528 Flavius
400 1467 548 1549 Vopiscus
562 1469 742 1548 Syracusius.
785 1467 903 1534 Quibus
924 1466 1055 1546 adjuncti
1074 1475 1140 1526 sunt
1154 1467 1237 1526 Sext.

136 1564 280 1627 Aurelius
294 1564 410 1637 Victor,
426 1565 595 1645 Eutropius,
609 1563 725 1624 Paulus
740 1563 901 1634 Discursus,
916 1563 1095 1623 Ammianus
1108 1561 1238 1622 Marcel·

135 1663 226 1732 linus,
247 1662 431 1744 Pomponius
446 1662 545 1722 Laetus
567 1661 629 1723 Ro.
652 1662 701 1723 Jo.
724 1661 816 1742 Bapt.
839 1657 984 1740 Egnatius
998 1658 1239 1721 Venetus—In

135 1757 197 1817 line
218 1757 341 1837 legitur:
371 1759 520 1819 ‘Basileae
551 1757 630 1844 apud
651 1757 797 1818 Joannem
819 1757 1007 1828 Frobeninm,
1030 1777 1128 1816 mense
1149 1755 1240 1817 Junio

136 1853 599 1915 mnxv111.’Fol.-Editi0in
621 1854 801 1936 principibus
821 1852 1010 1913 numeranda.
1052 1851 1134 1918 Vide
1156 1851 1239 1911 Indi-

135 1969 204 2008 cem
217 1959 346 2010 nostrum
360 1950 428 2010 edd.
442 1951 562 2030 Scriptt.
578 1949 661 2010 Hist.
677 1949 758 2028 Aug.
773 1973 803 2031 p.
818 1969 893 2010 xxx.

178 2081 220 2092 -—
241 2047 397 2106 Suetonius
416 2046 454 2106 de
476 2047 562 2105 claris
579 2045 789 2106 Grammaticis
809 2055 840 2106 et
860 2044 1053 2116 Rhetoribus,
1067 2065 1133 2106 cum
1147 2043 1241 2104 Plinii

138 2141 283 2222 Epistolis
295 2151 326 2202 et
338 2142 400 2201 Jul.
416 2141 608 2223 Obsequente
621 2142 658 2202 de
672 2143 797 2222 Prodig.
811 2142 959 2212 Venetiis,
981 2143 1011 2200 in
1033 2141 1144 2201 adibus
1165 2138 1241 2200 Aldi

134 2245 170 2295 et
184 2237 315 2297 Andreae
329 2239 429 2297 Soceri
443 2245 532 2298 1516.
547 2259 645 2298 mense
657 2238 757 2299 Junio.
772 2249 801 2300 6.
834 2229 836 2234 ’

181 2340 262 2394 1519
283 2334 321 2394 0.
336 2334 469 2394 Suetonii
477 2333 644 2414 Tranquilli
658 2352 724 2396 xn.
739 2336 882 2398 omes.
902 2338 1059 2399 Florentiae
1081 2337 1159 2419 apud
1180 2339 1241 2397 her.

139 2429 225 2491 Phil.
240 2431 351 2492 Juntte.
366 2431 598 2492 8.——Aldinam
610 2440 700 2493 1516.
714 2445 824 2496 secuta.

183 2533 264 2586 1520
286 2527 323 2587 0.
339 2527 494 2588 Suetonius
505 2528 617 2608 Tranq.
632 2528 670 2588 dc
691 2531 754 2591 vita
774 2548 840 2592 xrr.
863 2531 1024 2594 Caesamm.
1052 2532 1243 2611 Argentorati

138 2624 171 2680 in
185 2623 354 2684 sedibusdo.
364 2623 464 2683 Priisz
474 2641 570 2683 mense
584 2619 722 2704 Augusto
736 2643 852 2688 Mnxx.
866 2637 896 2688 4.
905 2666 945 2676 —
955 2629 1075 2689 Panzer
1086 2629 1172 2689 Tom.
1196 2646 1243 2690 V1.

139 2739 210 2798 1³²8·
225 2726 275 2778 93·
787 2758 788 2763 ¹

180 2849 224 2862 --
244 2814 283 2875 C.
305 2815 436 2875 Suetonii
456 2815 568 2895 Tranq.
591 2815 732 2878 (dusares.
761 2819 896 2898 Lugduni
917 2820 997 2901 apud
1011 2820 1095 2881 Guil.
1119 2820 1243 2902 Huyon.

140 2923 172 2975 8.
183 2915 354 2975 -Panzer
365 2915 452 2975 Torn.
468 2931 530 2974 vn.
544 2935 612 2996 pag.
624 2921 693 2977 330.
729 2915 822 2979 Hanc
842 2919 890 2980 ed.
914 2921 1028 2980 curavit
1049 2920 1125 2980 Ant.
1151 2920 1244 2980 Fran-

140 3013 236 3084 cinus,
250 3012 344 3092 quiin
358 3011 452 3071 Praei.
467 3001 619 3091 profitetur
644 3021 759 3072 textum
773 3033 846 3086 asse,
860 3016 976 3078 collatis
993 3017 1023 3075 in
1044 3038 1133 3094 unum
1152 3017 1244 3098 pluri-

142 3109 199 3168 mis
212 3107 419 3187 antiquissimis
431 3106 659 3187 exemplaribus,
671 3128 690 3167 a
702 3129 732 3168 se
745 3111 942 3172 emendatum.

184 3239 226 3250 -
248 3202 285 3263 Ο.
306 3203 439 3264 Suetonii
460 3201 572 3283 Tranq.
595 3203 633 3263 de
655 3205 718 3265 vita
740 3205 896 3266 duodecim
918 3207 1069 3268 Caesamm
1092 3209 1159 3267 libri
1171 3207 1245 3268 duo-

140 3301 252 3361 decim.
268 3297 426 3360 Selestadii
437 3299 516 3381 apud
525 3299 670 3360 Lazarum
681 3299 958 3364 Senatorium-In
969 3304 1027 3364 line
1039 3325 1047 3364 ε
1069 3315 1077 3341 ⁶
1090 3303 1248 3364 Selestadii

141 3417 183 3456 ex
206 3397 320 3474 aedibus
348 3396 453 3456 Lazari
476 3397 632 3457 Schnrerii.
668 3396 773 3458 Mense
798 3399 958 3460 Februario
982 3415 1020 3462 m.
1044 3418 1077 3460 n.
1091 3417 1153 3459 xx.
1167 3407 1247 3464 4.-

145 3493 268 3553 Panner
280 3491 367 3553 Tom.
382 3508 460 3552 vnr.
474 3513 542 3573 pag.
556 3499 628 3553 290.

147 3599 151 3610 ’
186 3596 266 3649 1591
302 3587 419 3649 Aldina
445 3604 484 3649 11.
517 3588 555 3648 0.
583 3589 739 3648 Suetonius
758 3588 959 3670 Tranquillus.
991 3593 1023 3651 S.
1039 3591 1116 3652 Aur.
1130 3590 1248 3652 Victor.

147 3687 319 3766 Eutropius.
347 3684 464 3744 Paulus
490 3683 651 3744 Diaconos.
679 3684 897 3749 Aunotationes
929 3687 960 3747 J.
996 3687 1035 3747 B.
1071 3686 1191 3767 Egnatii
1219 3696 1250 3749 et

148 3781 368 3842 Erasmi.-In
382 3781 459 3841 line:
483 3780 640 3840 ‘Venetiis
653 3781 682 3840 in
696 3781 808 3842 aedibns
829 3783 907 3844 Aldi
929 3793 960 3844 et
981 3784 1113 3845 Andreae
1136 3784 1247 3853 Soceri,

149 3879 255 3938 Mense
270 3877 354 3938 Maio
368 3883 511 3938 Μυκη·
524 3885 553 3938 8.
563 3877 733 3938 —Panzer
744 3878 831 3939 Tom.
846 3897 925 3941 vlu.
939 3901 969 3961 p.
983 3887 1053 3940 466.

188 3975 407 4034 -Suetonius
431 3973 469 4032 de
495 3974 557 4034 vita
583 3959 833 4035 x11.Caesarum.
861 3976 1052 4056 Argentorati
1078 3975 1157 4055 apud
1178 3973 1248 4040 Joh.

149 4072 285 4132 Schnrer.
298 4070 514 4129 4.-Panzer.
526 4069 612 4130 Tom.
627 4087 675 4131 vr.
689 4091 756 4150 pag.
771 4078 821 4132 96.

188 4201 230 4213 -
252 4166 301 4225 De
324 4165 412 4226 claris
429 4165 637 4224 Grammaticis
658 4176 698 4225 et·
711 4164 903 4236 Rhetoribus,
927 4186 994 4225 oum
1017 4165 1119 4226 Plinio
1132 4166 1169 4228 de
1183 4167 1250 4232 viris
