2982 4870
456 419 488 467 o.
509 417 684 468 sunuunu
708 419 914 469 oomvrun.
1138 405 1223 470 1445

139 563 181 607 est
196 563 281 606 antem
296 557 438 608 Asiaticum
454 557 557 608 dicandi
575 575 664 626 genus,
701 566 729 609 nt
753 560 864 609 eruditas
892 559 968 610 abrit.
1011 559 1114 610 Dicitur
1135 569 1221 612 autem

140 631 249 682 maxime
272 641 328 683 tuus
347 630 448 690 florens,
475 635 585 698 riteque
609 635 664 698 ejuu
701 635 1224 698 asparagus,quodqniauotinbispraeel·

140 703 261 756 sutrinse
274 715 301 758 et
311 707 416 762 inllnte.
424 723 454 758 sc
463 709 532 758 inani
544 709 664 765 elatione,
702 710 812 771 pui,nou
822 719 951 771 seruntur,
960 718 987 758 ut
997 711 1134 760 Athenaeus
1146 711 1222 760 dixu.

140 779 350 846 inconstantique
362 783 500 832 ambitione
513 784 666 846 plutareno·¹
701 784 807 834 confine
821 785 878 833 buic
891 785 1036 846 proverbio,
1052 783 1128 846 'Apio
1137 785 1161 834 is
1176 787 1222 846 adp

140 857 442 907 santaoaum.1’lutareb·
701 859 786 923 Apiipo
797 860 827 906 od
838 861 923 920 iguem,
936 860 1004 921 apud
1020 860 1129 908 eundem
1141 859 1221 909 Albe·

174 931 428 995 thsndomepistolo
438 932 664 1000 Agrippisoeneptir
701 946 794 982 nemu.
828 935 894 983 Nem
920 933 1014 997 Apbya
1039 933 1118 996 piscis
1142 949 1221 997 genus

139 1006 262 1068 ίιςαὶιιιι
274 1005 418 1068 rodnadorss]
442 1007 663 1070 Haeoestrlgrip·
700 1009 776 1057 molle
796 1024 827 1058 no
846 1017 974 1070 tenerum,
995 1009 1062 1073 quod
1091 1010 1221 1060 admotum

140 1081 202 1142 piun
218 1081 259 1130 Μ.
271 1082 386 1144 Vipaauii
405 1079 526 1144 Agrippae
543 1088 571 1128 et
585 1081 663 1131 duliae
701 1081 752 1144 igni
765 1085 880 1144 protinus
891 1083 1052 1145 decoquitur.
1070 1084 1189 1134 liranum.

140 1158 203 1213 lilia,
218 1158 329 1222 Augusti
346 1159 443 1220 neptis.
474 1157 559 1220 liujus
571 1157 664 1222 Agrip·
733 1157 901 1219 Etprostnlto
914 1157 1041 1220 bosculum]
1060 1157 1117 1206 Nou
1134 1166 1174 1208 est
1186 1173 1224 1208 rs·

141 1235 210 1296 pino
229 1248 262 1282 ex
275 1235 377 1282 Cesare
388 1232 541 1283 Germanico
553 1231 605 1280 lilia
616 1232 664 1283 fuit
697 1231 813 1294 jicienda
823 1233 901 1282 lectio
912 1232 1022 1295 plurium
1031 1233 1224 1296 exemplarium,

141 1307 223 1358 altera
239 1307 383 1371 Agrippina
399 1307 500 1357 Claudii
519 1321 593 1370 uxor,
613 1308 664 1357 Au·
701 1306 823 1356 tutulum.
857 1306 887 1357 lu
898 1320 942 1358 ore
953 1305 1087 1356 infantium
1104 1306 1223 1371 frequens

140 1383 211 1445 gusti
222 1397 282 1432 sero
294 1382 434 1445 proneptis,
445 1395 496 1432 non
507 1383 599 1446 nrptb.
616 1385 665 1433 Ca·
702 1382 793 1430 rosula
804 1387 844 1429 est
855 1381 887 1430 ba
901 1382 940 1430 vel
951 1381 996 1432 bnt
1011 1390 1054 1431 aut
1066 1381 1125 1434 bad.
1157 1383 1223 1436 Indo

142 1459 208 1507 sstrb.
701 1458 788 1508 multe
800 1473 875 1508 rores
887 1458 956 1508 lictu
977 1474 1022 1522 per
1037 1458 1223 1524 droporososlos,

153 1553 156 1560 ·
172 1533 241 1582 Cur.
252 1537 294 1583 87.
305 1533 345 1584 Ad
357 1533 479 1583 Koleados
492 1532 600 1595 Groeoor]
610 1534 664 1583 Per
702 1532 793 1592 partim
811 1533 843 1582 ad
867 1534 1058 1598 exprimendam
1079 1534 1224 1598 infantiam,

141 1609 296 1658 eontrarium
316 1621 366 1656 uon
386 1608 546 1670 ineleganter
570 1610 606 1657 lta
625 1609 665 1659 dt«
701 1608 793 1670 partim
804 1609 836 1657 ad
848 1611 898 1660 alia
910 1611 971 1660 ritis
981 1611 1127 1661 denotando
1137 1615 1223 1675 pueri·

141 1698 201 1733 erre
217 1699 363 1747 possemus:
379 1683 440 1733 ‘Ad
456 1683 599 1733 neomenias
612 1683 663 1734 La·
701 1681 848 1734 tiresllinia.
881 1683 1223 1748 Hrrjusuenerlssuutnpud

140 1759 227 1810 tinas.'
245 1761 356 1809 Bersuld.
701 1755 805 1806 Grecos
823 1757 914 1820 βάζειν,
930 1759 1055 1823 dosidem
1072 1767 1099 1810 et
1114 1760 1192 1822 βάβαξ
1209 1763 1222 1808 d

174 1837 287 1886 Contenti
298 1837 373 1884 nurus
387 1835 431 1884 isos
443 1833 543 1897 carna]
560 1834 611 1886 Qui
623 1849 663 1884 se·
700 1829 814 1895 φλύαρος,
825 1843 854 1883 ut
865 1845 998 1894 exponunt
1014 1844 1116 1884 veteres
1132 1837 1220 1886 Gram-

140 1913 226 1970 polum
238 1925 310 1961 auum
323 1910 514 1973 vituperabant,
524 1910 612 1961 diosre
623 1925 663 1960 so·
700 1907 803 1957 institi:
819 1908 879 1958 item
891 1909 1037 1972 euentu,
1049 1917 1076 1958 rt
1087 1909 1223 1960 Bambalio

139 1985 188 2041 liti,
199 1992 206 2014 ⁸
216 1985 274 2037 Jan
287 1985 372 2034 uultus
382 1983 528 2054 cato.‘nanr
537 1984 602 2034 Cato
612 1998 663 2034 non
700 1981 768 2044 apud
787 1983 955 2034 Ciceronem:
982 1993 1010 2034 et
1030 1983 1129 2047 Muros,
1153 1987 1222 2035 uodo

141 2060 248 2109 bominis
266 2073 370 2118 nomeu,
398 2058 442 2106 sed
464 2058 542 2121 ipsius
563 2059 664 2109 virtutis
699 2056 882 2117 &number
890 2058 1047 2123 βατταρίζων.
1082 2060 1223 2122 Ιηᾶοοτςο

141 2147 205 2188 ωε,
220 2141 328 2197 propter
339 2133 395 2196 ejus
412 2131 459 2182 riri
478 2135 664 2196 prestantium,
700 2145 750 2179 rox
762 2131 870 2194 Augusti
881 2141 888 2164 ⁴
898 2134 1012 2183 bataolru
1023 2134 1030 2156 '
1040 2135 1080 2182 rel
1092 2133 1223 2190 andronas

141 2209 286 2259 ridebatur.
319 2207 450 2272 Augustus
463 2211 663 2273 immunitates
699 2205 1164 2272 licentiur,utapriueipe,deduota,
1182 2210 1223 2260 rel
1291 2261 1293 2270 ,

141 2299 217 2336 roras
237 2297 288 2332 uon
310 2284 385 2332 ulmis
403 2283 516 2332 libenter
532 2283 664 2344 audiebat,
701 2289 763 2402 quta
780 2283 806 2330 iu
825 2283 889 2331 eoelo
909 2285 1032 2346 Romano,
1051 2293 1095 2333 aut
1113 2285 1147 2333 ob
1166 2286 1222 2347 ipso

141 2359 243 2424 qnando
251 2358 350 2422 aliquos
361 2370 411 2407 nou
419 2358 629 2420 sapientissimos,
638 2363 665 2407 et

139 2449 248 2499 quorum
264 2447 349 2483 morea
365 2447 417 2482 uon
429 2432 612 2496 probatissimi,
624 2434 664 2483 rel
701 2429 786 2494 aliquo
799 2430 879 2479 reteri
887 2431 986 2479 comico
997 2446 1003 2478 ι
1015 2445 1073 2478 nam
1081 2439 1108 2480 et
1119 2429 1224 2480 Nerius

140 2513 168 2560 io
176 2511 301 2561 Senatum
316 2507 430 2572 legebat,
440 2509 480 2558 rel
491 2507 608 2570 Senatui,
619 2516 665 2557 aut
701 2505 733 2556 ab
754 2505 843 2555 eadem
865 2507 964 2568 origiue
985 2505 1153 2554 ‘burtubata'
1177 2519 1223 2566 pro

140 2587 261 2638 tribubus
272 2583 477 2641 commendabat,
496 2581 583 2631 disere
599 2583 665 2632 sole·
702 2579 844 2640 nugatoriis
855 2579 948 2642 posuit.
960 2578 1017 2628 ride
1029 2579 1142 2628 Fesurm.
1157 2579 1225 2629 Sunt

141 2663 196 2727 isat,
217 2661 356 2712 ‘conteuti
378 2658 457 2708 simus
479 2657 527 2705 boc
549 2654 665 2706 Catone!
702 2659 729 2701 rt
747 2653 772 2701 in
790 2652 989 2714 linguuGsllioa
1006 2653 1124 2703 similiter
1141 2651 1223 2714 ὄνομα·

140 2739 214 2790 Idem
226 2737 323 2786 dicturo
335 2743 424 2799 postea
434 2733 466 2782 ab
484 2747 515 2782 eo
533 2732 558 2781 ln
570 2733 665 2798 episto·
701 2725 879 2788 rorrsrosqpirot
904 2742 988 2784 voces,
1015 2727 1096 2789 bodiu,
1115 2729 1222 2791 bobonis,

140 2815 171 2864 lls
183 2814 216 2864 nd
229 2812 279 2861 alia
296 2824 397 2876 quoque
416 2809 577 2868 translatum,
595 2823 665 2870 coep·
701 2803 795 2865 tuom,
805 2804 901 2859 herard,
913 2804 1029 2867 alioque.
1049 2803 1149 2852 Coroni.

140 2897 245 2955 tamque
255 2887 383 2949 usurpari,
394 2885 504 2949 quoties,
515 2891 545 2932 ut
556 2885 592 2932 ait
602 2884 666 2933 Sue·
733 2879 783 2926 Pro
798 2880 861 2940 pallo
877 2877 1040 2942 prdiet'ocesm]
1066 2878 1152 2927 l’robo
1171 2881 1224 2941 prsi-

140 2963 236 3021 tonius.
256 2961 352 3016 hortari
368 2961 447 3010 soluit
473 2959 581 3009 serenda
608 2973 665 3009 ssss
701 2955 811 3004 istrorum
823 2967 869 3016 pro
882 2953 987 3015 pullum,
1003 2960 1030 3002 nt
1042 2953 1073 3000 de
1090 2953 1175 3002 colore
1187 2955 1224 3002 iu·

140 3040 290 3108 pmautia‚
310 3039 495 3102 qualiacunque
514 3035 574 3084 siut.
615 3035 664 3083 Ea·
701 3029 839 3092 telligatur.
871 3028 922 3077 Sed
942 3026 1224 3082 l'ortasssmeliusscri·

142 3119 200 3168 dem
206 3115 336 3166 sententia
348 3111 475 3176 prouerbii
487 3110 586 3170 (lroeei,
594 3109 624 3158 br
632 3109 665 3170 μὴ
703 3103 950 3166 bereturpsliumm·
972 3102 1090 3168 Alioquin
1098 3106 1118 3152 si
1128 3105 1224 3167 pullein-

140 3183 552 3258 ..ρῇιρζψᾷηρἱχφπιμσίοι
565 3185 665 3234 Coroni.
701 3193 766 3228 ersus
782 3179 890 3241 legatur,
908 3193 958 3228 oon
977 3178 1169 3229 abhorreremus
1191 3179 1225 3230 nb

142 3267 203 3319 No„
221 3275 262 3316 m
278 3262 486 3314 qmammendu,
510 3274 592 3309 mmo
612 3260 665 3310 Λῃ.
702 3255 1224 3318 eorurnsententis,quiprrlieiumlegunt.

142 3344 220 3406 gnati,
245 3355 321 3402 quem
345 3337 448 3386 Catonia
474 3335 562 3384 bonori
576 3333 666 3384 ¹dedit.
698 3330 747 3380 Sic
758 3329 824 3380 enirn
836 3331 1003 3392 pullelaeeum
1012 3329 1224 3393 propulleiodix·

142 3418 224 3466 Venit
240 3415 309 3464 forte
329 3415 355 3462 iu
367 3414 477 3468 domum,
491 3412 517 3460 in
538 3425 587 3474 qna
599 3413 666 3462 Cato
704 3420 757 3467 tre,
776 3412 805 3456 ut
826 3407 959 3456 bstneeonr
978 3404 1067 3454 dixere
1093 3418 1139 3467 pro
1157 3404 1224 3456 bsts.

85 3501 93 3522 ⁹
140 3493 320 3542 habitaveratr
336 3489 395 3538 rleio
406 3489 535 3537 Strabone
544 3488 570 3536 io
582 3487 667 3537 adnla·
704 3481 778 3532 ndu.

142 3569 238 3618 tionem
250 3565 360 3615 Cesaris
372 3564 437 3612 mule
454 3562 616 3612 existimante
633 3561 667 3612 ds
736 3558 876 3621 Prooerito]
886 3556 1065 3607 'Mortieioua'
1075 3559 1225 3621 erateonri·

142 3642 248 3692 Catonis
271 3637 424 3703 perrioaeia,
451 3637 502 3687 ait:
527 3637 667 3700 ‘Quisquis
704 3632 807 3684 elumio
824 3638 904 3682 tetros
921 3633 1044 3695 exsangui
1063 3631 1130 3682 ineis
1146 3634 1225 3682 boori-

143 3721 295 3783 praaeutem
310 3720 406 3763 statum
425 3711 536 3762 civitella
555 3727 666 3762 eommo-
703 3723 757 3758 nes.
783 3709 864 3758 Attici
876 3709 1001 3758 rorabant
1010 3707 1135 3771 ejusmodi
1146 3716 1227 3770 Aquq·

142 3793 190 3842 tari
203 3805 252 3842 nou
265 3790 345 3848 rolst,
365 3795 392 3838 et
409 3789 482 3848 sivla,
493 3797 519 3840 st
532 3789 571 3836 vir
585 3788 666 3839 bouus
702 3784 815 3849 rumis.
835 3787 868 3835 1·:s
877 3782 1227 3848 nqpqupslolrqui'epurb.

143 3866 202 3916 eat!
232 3865 302 3916 batis
312 3864 379 3913 serio
396 3869 424 3914 et
436 3863 561 3913 Catonern
579 3864 665 3913 lauda·
705 3859 1226 3923 batiuiidiutsrprsratisuutcereritos,
1274 3885 1278 3900 ·

142 3941 189 4001 rit,
199 3945 226 3989 et
237 3939 296 3993 sibi,
308 3951 342 3986 ue
356 3939 413 4000 quis
425 3935 560 3988 affectaret
571 3951 611 3986 res
620 3951 665 3992 no-,
703 3941 796 3999 postea
807 3933 931 3982 cerritus.
948 3933 1002 3980 dos.
1018 3930 1136 3990 Sculigeu

143 4031 196 4074 ras,
207 4015 349 4064 consuluit.
364 4013 521 4064 Macrobioe.
739 4007 903 4070 Vacerrorma]
924 4009 1063 4056 Vaeerram
1075 4006 1180 4056 Verrius
1200 4013 1227 4057 et

179 4092 288 4142 Velocius
304 4103 373 4152 qaum
392 4089 503 4150 osmugi
524 4088 666 4152 coquatur]
703 4079 1227 4148 aliieompluresroraridienutstipitem,

145 4167 246 4231 Nempe
258 4165 377 4228 asparagi
395 4175 502 4227 summa,
522 4166 667 4226 prinsquam
704 4159 737 4208 ad
765 4173 841 4223 quom
864 4171 947 4220 equos.
971 4153 1086 4208 solebant
1112 4156 1227 4218 religare.

144 4243 294 4304 duremur,
302 4239 395 4294 briter
404 4245 557 4304 coquuntur,
568 4245 667 4292 teutona
704 4233 797 4286 Ateius
820 4245 880 4282 raro
902 4230 1042 4296 philologus
1064 4231 1226 4288 maledictum

727 2363 820 2418 ugusto
839 2354 950 2404 routieta
966 2370 1011 2418 prr
1021 2353 1127 2416 μίμησιν,
1137 2358 1179 2406 rei
1190 2357 1223 2404 ab
1322 2363 1326 2369 ⁴
