3014 4886
447 461 479 510 o.
502 461 678 510 suuronu
704 463 960 514 uorsrrrsnuss.
1160 449 1245 515 17⁶5

168 605 202 656 rie
214 605 334 656 Decretis
346 605 378 654 eb
389 604 443 654 ord.
459 595 594 667 faciendis,
610 607 617 633 ⁸
629 604 688 654 Am·
726 607 793 670 gisse
805 605 931 656 tutorem'
942 607 1049 669 legimus
1061 604 1128 670 opud
1140 607 1244 670 Uipisn.

165 673 260 731 bitiose
271 681 380 730 decreto
396 681 566 729 Decurionum
579 679 689 730 rescindi
726 681 770 730 iib.
790 695 832 732 nr.
848 682 881 731 tle
899 683 1026 745 suspectis
1047 682 1185 744 tutoribus,
1202 684 1245 746 qui

168 758 283 806 teuent:
318 757 362 807 Sic
378 757 473 820 ‘judex
485 755 646 806 embitioms'
662 771 688 805 s·
726 757 915 820 pororeritiem
933 758 1057 821 pupilium
1074 755 1247 814 defrauderit,

168 834 219 898 pnd
242 833 351 893 Livium,
367 831 523 880 ‘ambitioso
543 839 571 880 et
592 829 688 880 t'ueoses
726 839 753 880 et
772 832 891 881 ‘sordide
909 833 1121 882 Proconsuietum
1141 834 1247 896 gerere’

168 909 300 957 omicitiae'
316 907 382 970 epod
396 905 554 955 Ciceronem.
583 905 688 954 Terreni.
725 907 794 971 epod
807 908 916 958 Plinium
928 911 1057 973 Epistoiis.
1073 912 1181 959 Terreni.
1234 900 1243 908 ⁸

201 982 397 1046 Recuperstorss]
416 981 455 1032 Ao
466 982 528 1032 Ner.
538 996 561 1031 e.
570 985 609 1029 17.
627 980 690 1030 Hot·
757 983 871 1046 Suscepto
880 999 969 1034 morsm
977 985 1130 1049 correctione]
1140 984 1181 1036 Sic
1189 986 1245 1048 Tib.

168 1065 271 1108 temone.
725 1073 749 1107 e.
769 1062 810 1107 te.
826 1058 869 1108 ‘iu
891 1060 946 1122 ipse
969 1061 1128 1125 publicorum
1148 1075 1246 1112 morum

203 1135 241 1182 Ne
258 1147 282 1182 se
298 1133 454 1196 persuasoriis
470 1131 634 1180 assertionibus
650 1146 688 1180 ne·
726 1134 905 1184 correctione?
922 1136 1082 1185 Domitianus
1094 1145 1179 1187 entem
1191 1139 1261 1190 Cre.

166 1211 346 1266 commodarent,
355 1208 489 1257 identidem
496 1207 627 1271 eumenus]
640 1207 689 1256 Co·
725 1211 944 1262 seristticsasoris
955 1215 1074 1278 exemplo
1089 1216 1247 1265 consulerunt

168 1285 300 1333 desidem
316 1283 433 1334 salmasii
449 1277 595 1346 perfusoriis·
613 1281 690 1344 Cujt·
726 1285 755 1340 in
769 1299 848 1336 annos
864 1286 953 1336 «ierem
971 1296 997 1338 et
1011 1303 1142 1338 censorem
1156 1303 1247 1353 perpe·

168 1359 235 1408 cium
259 1373 320 1408 vero
342 1359 446 1407 console
467 1357 499 1405 ed
522 1359 605 1420 legem
627 1368 690 1404 xur·
728 1355 797 1410 t'nem
825 1363 970 1427 essnmpsit.
1011 1365 1100 1414 Dionis
1128 1365 1247 1428 epitome.

167 1433 231 1496 ntg.
242 1433 274 1482 de
285 1432 500 1483 excusetionibos·
728 1437 803 1485 litem.

202 1509 353 1558 Nemmors'os
365 1507 469 1571 judiees]
493 1507 600 1556 censoru
621 1520 691 1554 ntim-
760 1512 931 1562 Frentum„
941 1514 1026 1576 equite
1036 1514 1247 1578 ‘patmum

167 1581 691 1649 meriamjmicimnqnenummariumve
728 1585 809 1635 iistis:
842 1588 988 1638 ‘Edictum
1016 1591 1111 1640 domini
1149 1591 1247 1656 Deiqno

169 1667 229 1708 esnt
246 1659 428 1710 Jnriseonsuiti
446 1659 535 1721 nostri,
546 1657 691 1722 quoodode
729 1662 818 1724 nostri,
836 1663 894 1714 Quo
915 1663 1033 1713 subsellio
1050 1674 1139 1715 nostro
1154 1666 1248 1716 certio·

169 1736 278 1798 pecunie
291 1729 462 1798 disceptetur,
472 1735 510 1783 sic
521 1733 590 1783 euim
602 1733 690 1782 cattis·
728 1750 756 1786 rs
767 1735 843 1799 fiunt,
853 1737 885 1787 Et
898 1753 973 1801 puros
986 1741 1072 1804 Eques
1092 1741 1192 1790 ordines
1208 1754 1247 1789 re·

169 1818 266 1859 tretrsm
286 1811 401 1875 intelligo
420 1809 497 1859 huit.
514 1809 604 1859 Nede
621 1815 691 1858 stetu
728 1812 815 1876 oepit.'
847 1814 901 1861 ‘ln
929 1815 1022 1878 Equite
1045 1813 1197 1877 spectandi,'
1221 1813 1247 1863 id

167 1883 349 1934 ¹defunctorum
366 1892 424 1949 post
435 1885 544 1949 quinque
554 1890 692 1948 qneeretur.
728 1897 776 1951 ert,
798 1889 823 1938 in
846 1889 1026 1954 Equestribus,
1050 1891 1104 1940 sive
1126 1890 1247 1953 Equitum

168 1959 250 2023 Atqui
269 1967 358 2009 contre
376 1961 465 2010 Cicero
484 1959 558 2008 Verr.
577 1973 603 2010 v.
621 1973 691 2008 num·
728 1965 823 2015 cuneis.

168 2036 277 2084 merium
288 2035 545 2098 sppeiistjndiciusn,
565 2032 633 2097 quod
649 2047 691 2082 ee·
760 2040 856 2104 Scripta
862 2040 966 2102 sennem]
983 2039 1049 2089 Vide
1060 2039 1128 2102 Aug.
1139 2054 1163 2090 e·
1174 2044 1215 2090 δι.

168 2113 253 2175 ceptis
265 2111 380 2175 pecuniis
392 2111 486 2174 egitur,
498 2117 526 2158 ut
538 2108 690 2158 nummarios
761 2118 829 2173 Quod
844 2118 1000 2179 gesticulandi
1016 2118 1160 2180 mundique
1169 2116 1248 2165 maie

169 2203 272 2252 quoqne
278 2185 381 2250 judiees
394 2201 440 2250 pro
452 2185 582 2245 Cluentio,
599 2192 626 2233 et
645 2185 690 2234 tib.
727 2192 855 2255 emeretur]
879 2191 1032 2240 ommutui
1054 2199 1094 2240 οη
1119 2190 1247 2239 histrioni.

168 2263 320 2314 ΜιιιΑιιιο.
332 2262 447 2313 sordidos
456 2262 690 2324 mercenariosquo,
728 2281 767 2315 sm
787 2280 908 2315 exercere
928 2265 1058 2314 Suetonio.
1088 2265 1131 2314 Sic
1148 2265 1175 2312 in
1195 2265 1247 2313 Ne.

168 2337 213 2403 qni
227 2339 333 2387 nummis
343 2353 370 2387 se
382 2337 508 2399 corrumpi
519 2337 612 2399 sinant,
629 2351 689 2400 que·
729 2357 789 2390 rone
800 2343 933 2404 capitote.
949 2340 1098 2391 ‘torrueris
1117 2339 1142 2388 in
1161 2336 1248 2388 defee-

167 2415 206 2464 les
214 2416 257 2480 <ot
269 2414 406 2463 Suetonius
417 2411 463 2461 iroc
473 2412 529 2460 ioco
539 2411 629 2473 trudit)
639 2412 691 2459 Do·
727 2417 806 2466 tionis
818 2417 896 2465 duces
907 2416 1030 2477 esrmius,
1039 2414 1186 2477 lesciveque
1195 2427 1247 2462 mo·

168 2490 289 2538 miriensis
312 2503 360 2536 sins
380 2502 437 2537 essm
465 2485 634 2534 assessoribus
661 2500 691 2535 ro
728 2491 824 2552 dolete,
834 2506 890 2554 quse
899 2490 973 2552 vulgo
984 2490 1160 2546 innotuerunt,
1169 2487 1247 2536 etiem

168 2564 323 2616 consiliariis
334 2563 386 2611 mis
398 2562 496 2611 noterit
509 2560 621 2609 infamio.
648 2562 690 2610 Sio
728 2568 895 2632 geniculum
921 2565 976 2615 cett
1009 2564 1040 2613 id
1065 2572 1115 2626 est,
1138 2561 1246 2612 mimicis

170 2639 326 2688 nummarios
342 2650 445 2701 qnoque
464 2635 609 2684 sacerdotes
625 2635 692 2684 elisit
728 2644 842 2706 gestibus
854 2637 990 2704 eipressit.
1023 2635 1248 2688 ‘Demonstrere'

168 2713 526 2780 Hieromus-,nummarium
535 2713 691 2763 tribuntlSe·
729 2727 804 2768 voest
815 2717 930 2780 ejusdem
942 2716 1053 2766 Neronis
1065 2730 1088 2764 e.
1100 2719 1140 2763 ³9.
1156 2713 1247 2762 ‘Atei-

168 2807 234 2843 ueee
247 2792 279 2840 de
291 2788 383 2840 Benef·
394 2803 413 2837 ι·
421 2804 445 2837 c·
456 2793 481 2837 9·
499 2789 605 2836 Tvrttfli·
727 2795 841 2844 tenerum
853 2793 941 2842 histrio
949 2792 974 2840 in
986 2781 1203 2852 contieo'quodem
1212 2788 1248 2836 ite

204 2870 265 2917 Cum
282 2881 323 2916 orso
340 2879 450 2928 quemque
459 2862 565 2924 nestun]
582 2863 690 2912 Coueiii·
727 2869 957 2921 demonstraverat,
977 2875 1005 2915 ut
1019 2865 1146 2914 bibentem
1157 2869 1247 2913 nemu·

168 2960 210 2995 nor
232 2958 279 3007 pro
292 2941 443 2992 consiliariis
462 2948 489 2990 et
508 2939 691 2995 adsessoribus,
727 2941 964 3008 temqueteeeretJ
1283 2949 1286 2956 ⁴

170 3018 214 3083 qui
222 3018 399 3081 judicantibus
408 3014 476 3065 soliti
484 3014 623 3075 edesse3ut
631 3028 691 3062 cou-
761 3013 1006 3078 Probrosirsoeminis]
1027 3015 1135 3063 Eosdem
1146 3013 1187 3079 (nt
1201 3027 1247 3075 pu·

165 3095 264 3160 jngium
277 3109 322 3157 pro
333 3093 451 3156 conjuge.
471 3090 570 3139 Coroni·
729 3093 768 3156 io)
785 3091 892 3142 fonroses
913 3099 986 3140 vocet
1002 3088 1060 3138 Tib.
1080 3105 1103 3139 c.
1123 3094 1163 3137 ³⁵.
1181 3089 1249 3138 sient

203 3170 307 3218 AEdiiesr
322 3168 440 3216 motuum
457 3167 637 3228 repetundorum
653 3181 692 3214 oo·
729 3177 757 3216 et
767 3168 871 3230 Uipien.
891 3167 935 3215 lib.
952 3179 982 3214 ss.
999 3165 1038 3213 Αιι
1050 3165 1100 3214 SC.
1111 3163 1246 3212 Tertniiie·

170 3244 278 3307 crssosdi]
293 3242 385 3292 Sordes
403 3240 471 3304 sputi
491 3241 599 3304 optimos
618 3256 693 3304 quos·
729 3255 798 3302 num,
810 3250 837 3291 et
848 3241 956 3290 menime
966 3238 1067 3305 quidem
1080 3238 1112 3286 ob
1122 3245 1248 3299 stuprum,

170 3335 222 3384 qne
233 3325 354 3367 suctores
372 3316 449 3366 etiem
467 3330 514 3378 pro
532 3315 639 3365 eteritis
657 3317 693 3366 ie·
730 3323 774 3364 sut
794 3314 954 3365 lenocinium.
994 3314 1120 3361 Probrum
1137 3313 1203 3360 enim
1221 3314 1246 3361 iu

171 3396 262 3458 ginon.
296 3392 331 3441 m
342 3390 519 3443 Juriseonsniti
533 3389 691 3441 manifestius
728 3388 832 3439 foemioo
854 3391 957 3452 proprie
979 3396 1095 3450 stuprum
1121 3395 1169 3435 est.
1211 3388 1247 3436 Ut

169 3468 691 3536 propeonnisrieeorrnptioueoccipiunt.
729 3468 914 3532 comprobrnm
923 3465 1248 3528 Virginisvesteiiseopite

172 3562 230 3598 eom
240 3545 301 3595 stibi
309 3558 389 3606 sepe,
400 3551 454 3593 tom
466 3541 511 3592 ub.
521 3556 553 3591 rs.
564 3551 590 3591 et
599 3543 643 3592 tib.
652 3556 693 3593 tx.
730 3544 824 3608 puniri,
843 3543 923 3592 virum
934 3543 977 3606 qui
995 3555 1051 3591 seur
1069 3541 1248 3590 ineesterirset

171 3623 205 3672 de
217 3620 329 3685 receptis
341 3626 370 3668 ut
388 3618 478 3667 erbitr.
492 3615 588 3672 dicent,
609 3623 637 3666 et
649 3617 693 3666 tiu.
730 3618 877 3668 verberibus
893 3617 979 3667 necari
998 3617 1039 3666 ies
1052 3616 1137 3679 jubet,
1152 3615 1184 3666 de
1196 3631 1248 3680 quo

171 3693 385 3760 xr.dejrrdieiis.
421 3694 462 3742 De
477 3691 583 3740 erbitrio
600 3705 692 3754 nempe
730 3693 854 3744 Festusin
871 3691 1036 3742 ‘Probruml
1054 3693 1161 3742 Torrent-
1195 3690 1249 3740 Αιι-

170 3766 692 3835 egitursordibuseorrupto,cojussesor-
730 3768 762 3818 de
782 3769 886 3819 catonis
906 3769 993 3825 serbe,
1014 3769 1047 3817 sie
1062 3769 1185 3816 muliere:
1202 3766 1248 3815 ‘Si

171 3848 217 3898 sies
235 3843 377 3895 menitestse
394 3843 462 3903 sint;
478 3842 539 3891 item
555 3842 589 3891 de
603 3842 693 3907 judico
730 3845 814 3894 einum
826 3844 899 3906 bibit,
910 3844 932 3893 si
943 3859 1001 3894 cum
1020 3844 1102 3892 siieno
1119 3842 1173 3889 viro
1189 3855 1247 3903 pro·

171 3923 247 3987 eujus
258 3919 363 3970 evidens
376 3919 416 3966 rel
426 3917 519 3980 gretie,
532 3918 572 3966 rei
584 3918 691 3969 inimici·
729 3920 768 3969 bri
790 3919 851 3983 qnid
870 3919 942 3983 feeit,
958 3915 1156 3970 condemnetur!
1180 3915 1249 3966 Geli.

171 3998 218 4058 tis,
228 3997 270 4048 sei
279 3994 367 4045 sordes
377 3993 436 4042 sint.
458 3992 619 4041 ‘Sordidum’
630 4007 691 4058 ergo
727 3995 773 4046 iib.
784 4009 813 4045 x.
823 4010 847 4046 e.
855 4000 896 4046 ιι.

170 4067 692 4130 ‘AEdiiens'bireeeipimqoipeeuoiecor·
761 4068 955 4132 tagestetten]
978 4068 1043 4116 Here
1062 4063 1248 4128 impudicitism

172 4154 263 4210 ruptos
273 4147 350 4195 eiiter
360 4139 470 4192 officium
481 4143 605 4200 exercuit,
618 4159 692 4208 quern
730 4144 877 4206 eoireebet,
898 4151 926 4192 ut
943 4144 983 4191 iex
1000 4141 1071 4192 tuiis
1086 4149 1203 4202 stuprum
1221 4148 1250 4191 et

174 4222 271 4284 debuit,
291 4227 321 4268 ιιι
343 4232 401 4280 cop.
420 4216 546 4280 sequenti,
563 4223 613 4266 'ne
631 4218 692 4283 quid
731 4219 891 4270 adulterium.
922 4217 1072 4280 Quanuem
1083 4222 1110 4264 et
1126 4215 1197 4266 iulio
1213 4215 1248 4279 (si

174 4295 277 4348 sordide
294 4290 432 4344 fecerent!
473 4291 507 4340 Et
523 4291 646 4342 ‘sordide
667 4309 693 4344 e·
731 4294 876 4345 Justioisoo
900 4288 1105 4354 eredimusbem
1127 4288 1249 4352 puniebat
