3014 4886
262 374 349 456 ttw
588 385 781 450 ascensus
807 386 1022 438 nnrrronnu

264 535 687 600 uccocuxxxxnr.·Nonls
709 535 873 620 Aprilibus.
904 533 1103 598 Illustrtsslno
1123 530 1175 594 Jo.
1199 528 1359 606 Bourtsoio

261 639 430 718 reipublicae
455 639 586 698 habenas
606 637 748 698 ¹solicitet.
763 636 944 696 moderante.
978 635 1059 694 Finis
1082 633 1163 693 Laus
1176 632 1267 694 Deo!
1292 625 1360 694 Fol.

263 735 333 794 min.
342 768 384 780 —
394 734 496 795 Maitt.
510 756 540 815 p.
554 739 623 794 ⁵59.
638 733 758 793 Pauzer
771 732 808 793 T.
824 749 848 792 1.
862 753 891 812 p.
903 737 974 792 226.
995 729 1075 789 Haeo
1088 740 1134 790 ast
1145 727 1200 792 ed.
1216 725 1359 791 Beroaldi

263 845 287 890 1.
302 828 462 890 editoribus
473 829 680 890 recentioribus
692 849 751 890 uon
764 829 906 908 inspecta.

302 931 383 985 1494
412 925 569 985 Suetonius
589 944 657 984 cum
677 924 887 984 commentario
905 919 1040 1000 Philippi
1064 919 1216 984 Beroaldi.
1238 919 1360 980 Prooe-

258 1018 335 1082 duut
361 1020 446 1082 Phil.
470 1019 611 1080 Beroaldi
631 1019 757 1100 epistola
778 1018 818 1078 ad
844 1016 1026 1078 Annibalem
1054 1015 1253 1074 Bentivolum.
1285 1014 1361 1077 Vita

262 1113 407 1180 Suetonii.
442 1115 625 1176 Breviorium
645 1135 741 1174 rerum
762 1111 1003 1176 memorabilium.
1039 1111 1264 1190 Epigrammata
1289 1108 1360 1172 Joh.

259 1209 355 1291 Bapt.
379 1210 435 1271 Pii
454 1220 485 1270 et
508 1210 611 1290 Ugerii
634 1209 893 1272 Pontremuleusis.
935 1207 973 1267 In
992 1205 1070 1268 fine:
1102 1199 1362 1272 ‘Commentarios

261 1305 350 1384 hosce
365 1327 383 1368 a
397 1307 541 1387 Philippo
556 1306 704 1366 Beroaldo
717 1305 872 1384 diligenter
881 1303 1057 1384 compositos
1074 1303 1217 1384 impressit
1230 1301 1358 1362 honar-

257 1400 317 1466 .dus
329 1401 446 1462 Pachel
457 1401 657 1462 Tbeutonicus
669 1401 801 1461 adhibito
814 1419 866 1480 pro
883 1399 993 1459 viribus
1013 1399 1132 1458 solertia
1153 1407 1184 1456 et
1195 1397 1358 1476 diligentia,

154 1499 157 1506 ’
263 1516 299 1558 no
312 1499 350 1558 ab
365 1497 524 1579 archetypo
544 1498 700 1558 aberraret.
743 1494 921 1577 Impressum
948 1493 1113 1554 Mediolani
1138 1493 1232 1554 Anno
1258 1493 1360 1556 salutis

264 1607 482 1652 mccccxcrn.
496 1601 601 1672 quarto
615 1590 689 1651 Idus
698 1590 877 1651 lanuarias!
900 1588 1014 1650 Fol.-
1024 1588 1143 1649 Panner
1155 1587 1192 1648 T.
1210 1605 1249 1650 ιι.
1262 1610 1293 1670 p.
1308 1597 1358 1652 76.

263 1686 357 1746 Deuis
370 1687 476 1768 Suppl.
490 1708 520 1767 p.
542 1695 611 1748 880.
633 1686 786 1772 Repetitio
807 1685 1100 1754 ed.,Bonon.1493.
1119 1705 1209 1762 quam
1231 1686 1360 1766 inspexit

263 1781 499 1864 Oudendorpius.
664 1833 667 1844 .
702 1833 705 1840 .
904 1775 928 1786 “

259 1929 261 1936 ,
301 1885 382 1940 1486
404 1879 560 1940 Suetonius
572 1878 681 1959 Tranq.
693 1899 760 1940 cum
775 1877 909 1960 Philippi
923 1877 1064 1940 Beroaldi
1084 1889 1115 1939 et
1134 1877 1181 1940 M.
1203 1878 1282 1940 Aut.
1302 1875 1358 1939 Sa·

261 1973 360 2034 bellici
371 1973 747 2034 Commentariis-Hac
770 1975 800 2034 in
823 1974 926 2035 fronte.
969 1973 1007 2033 In
1030 1994 1132 2034 aversa
1149 1973 1227 2034 uult
1251 1975 1359 2054 pagina

260 2068 362 2150 incipit
374 2068 457 2130 Phil.
469 2068 614 2130 Beroaldi
626 2069 665 2130 ad
678 2069 861 2132 Annibalem
875 2069 1064 2130 Bentivolum
1076 2059 1212 2150 epistola,
1225 2071 1273 2130 cui
1286 2069 1358 2128 folio

255 2165 346 2226 tertio
357 2166 544 2244 subjunctum
556 2165 680 2227 habetur
696 2165 870 2226 breviarium
883 2186 977 2228 rerum
990 2165 1104 2246 aliquot
1115 2167 1355 2232 memorabilium.

262 2257 349 2320 Istud
362 2261 504 2322 Sabellici
515 2259 640 2341 epistola
652 2261 691 2320 ad
705 2259 903 2338 Augustiuum
922 2260 1121 2322 Barbadicum
1138 2262 1261 2342 excipit.
1301 2261 1356 2320 Se-

261 2356 359 2434 quitur
378 2355 465 2416 ‘ciii
487 2356 618 2418 Suetonii
638 2356 748 2436 Tranq.
761 2354 806 2415 de
827 2357 888 2417 vita
907 2355 1063 2416 duodecim
1090 2357 1243 2417 cesarum
1269 2353 1358 2416 Liber

261 2451 392 2532 primus!
433 2451 523 2512 Libro
549 2451 654 2511 ultimo
674 2451 808 2529 subjecta
829 2460 897 2510 suut
919 2451 1120 2512 ‘Tetrasticha
1137 2451 1176 2511 de
1189 2451 1358 2512 Caesaribus

261 2554 330 2628 post
339 2545 565 2626 Tranquillum,'
579 2556 588 2581 ‘
600 2545 733 2606 Suetonii
741 2546 828 2606 vitan
838 2545 986 2606 Beroaldo
995 2556 1026 2605 et
1035 2545 1357 2628 Sabellioodescripta’

262 2639 420 2716 (Beroaldi
433 2639 597 2721 Adpendix
611 2639 901 2702 udnoumeutorum!
932 2641 987 2702 Ad
999 2640 1111 2702 calcem
1128 2643 1226 2722 operis
1234 2663 1356 2722 sequen·

259 2733 304 2794 tia
315 2734 473 2794 habentur:
496 2745 504 2770 ⁸
517 2734 736 2794 Commentario
749 2736 884 2816 Philippi
898 2734 1039 2797 Beroaldi
1048 2757 1159 2798 necnon
1170 2737 1270 2798 Marci
1280 2739 1356 2798 Ant.

261 2828 404 2889 Sabellici
417 2829 456 2888 In
469 2828 642 2890 Suetonium
657 2827 862 2909 Tranquillum
880 2830 1004 2892 feliciter
1027 2831 1163 2893 Venetiis
1184 2843 1293 2894 exacta
1306 2855 1356 2914 per

262 2929 410 2990 Simonem
435 2938 628 3008 cognomento
650 2929 818 3010 Beuilaqua
837 2931 1025 3011 Papiensem.
1068 2932 1159 2993 Anno
1180 2932 1356 2998 Christiano

195 3025 197 3030 ’
262 3023 374 3086 Salutis
399 3041 687 3086 Mccccnxxxxvt.
722 3025 932 3087 Pinax-ct.
958 3026 1080 3088 Placidi
1107 3028 1210 3090 Braun
1238 3029 1357 3092 Notitia

260 3119 327 3182 hist.
341 3118 385 3182 lit.
405 3119 444 3180 do
461 3119 612 3204 libris-ab.
629 3140 658 3184 a.
679 3127 769 3182 1488.
791 3141 881 3200 usque
902 3121 942 3186 ad
962 3143 990 3186 a.
1011 3131 1101 3184 1500.
1122 3126 1281 3206 impressis,
1295 3133 1354 3188 &c

261 3213 348 3278 Part.
364 3234 402 3279 11.
416 3237 446 3299 p.
459 3223 530 3278 888.
545 3232 706 3292 mxxxu.
720 3215 840 3276 Ponzer
851 3216 888 3276 T.
904 3233 958 3278 111.
971 3239 1000 3299 p.
1015 3227 1084 3280 895.

300 3317 382 3374 1489
402 3311 558 3372 Suetonius
577 3329 646 3372 oum
660 3320 815 3372 comment.
835 3310 977 3374 Beroaldi
993 3323 1025 3376 ot
1041 3312 1195 3378 Sabellici.
1219 3315 1357 3380 Venetiis

253 3405 365 3468 81.-
374 3407 475 3468 Maitt.
490 3429 520 3488 p.
533 3414 605 3472 699.

302 3545 312 3563 .
380 3502 463 3563 luter
477 3503 561 3566 Hist.
575 3503 659 3584 Aug.
673 3503 844 3586 Scriptores.
857 3506 1039 3570 Praecedunt
1051 3519 1060 3545 ⁴
1073 3530 1172 3571 versu
1183 3509 1313 3572 Ausonii
1327 3513 1355 3572 in

253 3595 349 3680 'libros
362 3596 496 3658 Suetonii
505 3597 526 3666 ;’
553 3598 623 3657 item
637 3598 806 3660 ‘Caesarum
820 3601 903 3674 ordo,
917 3612 1058 3686 tempora,
1071 3606 1187 3666 obitus!
1210 3607 1356 3670 ‘Domitii

261 3689 412 3752 calderini
423 3689 461 3750 de
474 3692 536 3752 vita
549 3691 682 3754 Suetonii
694 3696 822 3756 narratio
831 3706 862 3757 et
870 3699 1000 3776 ejusdem
1009 3701 1212 3772 annotationes
1221 3701 1251 3762 in
1264 3704 1355 3764 vitam

259 3787 334 3848 Julii
346 3784 492 3847 curru!
528 3783 655 3846 Demum
668 3787 787 3848 titulus:
812 3799 820 3826 ‘
833 3791 871 3850 lu
884 3794 940 3853 hoo
952 3794 1054 3855 codice
1066 3796 1250 3858 continentur
1263 3798 1356 3858 Caius

261 3883 417 3944 Suetonius
428 3879 615 3961 Tranquillus
627 3881 664 3941 de
684 3899 749 3945 xl1.
764 3883 939 3948 Cesaribus.
980 3890 1078 3950 AElius
1097 3891 1281 3972 Spartianus.
1298 3894 1355 3952 Ju-

259 3977 317 4036 lius
342 3976 537 4058 Oapitoliuus.
571 3976 669 4038 AElius
695 3977 887 4059 Lampridius.
908 3981 1072 4046 Trevellius
1094 3985 1207 4050 Pollio.
1231 3988 1356 4050 Flavius

251 4070 416 4150 ,Vopiscus
440 4071 606 4152 Eutropius.
629 4073 670 4132 Et
683 4072 799 4134 Paulus
813 4075 972 4139 Diaconus.
994 4081 1043 4141 De
1060 4081 1180 4160 Regum
1201 4104 1238 4144 ac
1253 4084 1355 4166 Impe-

248 4173 386 4242 ratorum
399 4165 601 4254 Romanorum
615 4167 698 4232 vito!
741 4168 778 4229 ln
791 4169 849 4232 tine
863 4169 1015 4236 Suetonii:
1038 4186 1046 4213 ‘
1059 4177 1097 4242 C.
1113 4175 1247 4242 Suetonii
1259 4180 1355 4244 Tran-
