3016 4866
475 399 505 450 c.
529 402 704 452 suaronu
730 402 943 454 cssuoruu.
1165 389 1251 456 loss

155 547 215 590 est:
242 541 284 590 Es
298 542 452 606 quibusdam
464 545 588 608 portentis
599 543 689 596 harioli
727 545 757 595 ln
768 546 869 602 culam,
886 553 912 595 et
924 543 1025 606 longam
1036 546 1169 596 mentatio
1180 545 1252 596 labra

156 618 338 682 predixerant
348 622 487 682 pericnlum
496 623 629 670 isuusiuere
640 623 688 670 lm·
727 620 851 670 salisam!
869 621 978 672 Torreat.
1246 650 1249 664 ·

157 694 275 754 paraturi
288 710 294 742 :
321 695 390 758 qsrod
404 703 432 743 ut
452 695 575 744 Claudius
586 696 689 759 propul·
760 697 881 745 Praeterea
891 697 980 756 lisgsoe
991 694 1129 757 titubantia,
1139 701 1251 760 caputque

157 778 240 832 caret,
249 771 275 818 in
285 771 448 833 alterumque
461 768 619 830 transferret,
632 783 689 833 prr·
726 771 861 833 demulsus]
879 771 955 821 Adde
967 780 994 822 st
1004 785 1134 820 manases
1149 772 1251 820 Dione:

156 845 228 893 misit
248 852 278 894 ut
298 846 648 901 Messalliusuuberetsilio,
660 853 689 895 ut
727 848 771 912 qni
793 848 888 910 lingua
905 847 1070 896 titubantiam
1090 863 1122 896 ex
1140 855 1251 898 tremore

158 919 195 967 its
213 920 240 968 ia
250 920 353 978 Silium.
365 927 486 984 tassqusrn
504 922 528 968 iu
544 920 689 983 insperato·
726 925 820 988 capitis
832 923 976 988 protectans
988 921 1131 972 scribitsrb
1141 921 1166 971 bb
1177 926 1251 985 σῶμα,

158 997 381 1058 tempestatium
397 997 445 1059 ipsi
459 997 689 1050 imuslneostrasts·
726 1001 818 1066 iaqssit,
835 1001 948 1060 νοσώδης,
965 1000 1027 1048 dors
1043 998 1082 1048 sal
1105 1001 1137 1064 τῇ
1158 1001 1253 1064 sabati

157 1068 282 1120 terretur.
316 1071 382 1120 Nam
399 1072 610 1134 quemadmodum
629 1071 688 1121 lice·
726 1075 922 1139 salrstsxspaln
933 1075 1252 1139 &mutuararrslbrdros‘rrs

159 1147 207 1195 bat
225 1146 294 1208 apud
316 1148 435 1210 antiquos
451 1148 555 1197 Cousuli
575 1156 601 1197 ct
618 1148 690 1196 Prae·
726 1151 812 1214 saled
822 1151 943 1214 φωνήμιπι
954 1149 1099 1213 ἐσφάλλετο.
1119 1153 1219 1202 Cmosrb.

117 1289 118 1292 Ἴ
161 1225 213 1271 tori
237 1237 284 1286 pra
305 1237 332 1270 se
352 1224 428 1270 alium
448 1223 531 1270 civem
550 1221 689 1284 devovere,
759 1229 826 1278 car.
843 1233 884 1278 tt.
922 1226 1077 1290 Seaceatrni]
1105 1227 1172 1276 vste
1193 1241 1252 1292 cap.

159 1297 198 1346 its
217 1299 358 1361 pericolum
376 1295 508 1346 transferri
526 1311 600 1359 posse
615 1306 688 1359 pista·
727 1305 766 1351 lu.
778 1303 823 1351 lib.
836 1316 873 1350 vr.
1132 1298 1134 1302 ’
1245 1331 1247 1345 ι

159 1372 242 1422 batur
264 1373 296 1420 sb
313 1387 362 1421 uno
382 1373 414 1421 ad
434 1374 553 1421 alternus.
575 1372 688 1422 Beroald.
757 1376 886 1436 Adsslsra
896 1377 1008 1426 terionem
1018 1379 1124 1427 sedales
1134 1391 1252 1428 sessura·

161 1449 268 1498 Neron.
279 1451 364 1512 capite
376 1453 417 1498 ³6.
437 1449 492 1496 ‘Es
505 1447 597 1496 Babilo
608 1455 689 1496 astro·
726 1451 779 1515 tar]
802 1454 846 1502 Sic
865 1454 933 1516 Aug.
952 1457 1024 1504 uos.
1046 1453 1125 1502 ‘Nec
1142 1454 1253 1503 creuerit

161 1524 224 1584 logo
234 1523 331 1579 didicit,
342 1525 425 1572 solere
437 1536 512 1587 reges
529 1523 591 1573 talis
602 1531 690 1572 osteu-
726 1539 775 1574 uns
786 1525 834 1575 nisi
846 1535 874 1575 ut
885 1527 936 1575 inso
948 1527 1016 1578 lecto
1027 1527 1184 1577 nutassent:
1210 1528 1252 1578 De

162 1606 191 1648 ιι
209 1599 280 1648 caede
303 1600 386 1662 aliqua
402 1599 493 1648 illustri
514 1599 630 1662 expiare,
651 1609 689 1647 at·
726 1599 838 1663 Augusti
850 1601 1077 1664 liberialaqnitur.
1110 1602 1252 1666 lmurnlgi·

111 1674 115 1682 “
162 1687 214 1736 que
232 1688 247 1720 s
266 1683 348 1724 semet
360 1675 386 1723 ia
401 1676 487 1738 capitu
499 1689 633 1738 proceram
646 1674 690 1724 de·
727 1681 771 1722 tur
781 1676 875 1724 tscuuu
886 1676 1022 1739 illie,quod
1034 1676 1075 1725 bic
1086 1678 1093 1705 ‘
1103 1674 1189 1726 fulcra
1198 1679 1251 1728 lec·

160 1748 279 1811 pelleret
728 1749 827 1798 lorum'
839 1759 924 1798 sucat·
941 1751 1050 1799 Torreat.

195 1824 264 1872 (iss.
276 1827 317 1872 30.
332 1824 471 1874 Auctoritas
479 1825 690 1888 dignitasquesor·
759 1826 827 1876 Cst’.
844 1829 884 1876 ³8.
918 1827 1135 1890 ProximaMarts's
1141 1827 1204 1891 oede]
1221 1828 1253 1878 Io

54 1899 56 1904 ’
161 1914 207 1946 rsa
228 1914 276 1948 nass
295 1899 374 1960 defuit
392 1901 428 1950 aet
444 1903 520 1950 stanti
536 1903 572 1951 oei
589 1902 691 1966 sedmts]
727 1898 839 1963 Assgnsti
865 1899 922 1948 loro
944 1905 1109 1963 cognoscenti
1135 1904 1254 1968 prosimu

161 1973 470 2033 Egiabartnsdecarolo
481 1977 690 2039 Magnoz‘ands
727 1987 784 2027 erat
796 1978 889 2026 Martis
903 1979 1002 2027 Ultoris
1013 1978 1091 2030 sedes·
1124 1981 1253 2030 Ceterum

160 2048 253 2100 formae
276 2051 418 2100 auctoritas
446 2068 475 2101 sc
505 2053 615 2116 dignitas
638 2061 689 2102 tam
727 2051 1252 2115 ltucspcctntquodsutedeclaudiole-

160 2127 243 2178 stanti
254 2137 329 2190 qusai
346 2128 446 2177 sedenti
459 2130 567 2190 plssrlnss
578 2129 691 2178 inierat.’
727 2127 810 2188 gissus
821 2131 881 2176 as.
893 2125 961 2175 ludis
974 2127 1137 2178 Martialibus
1148 2143 1254 2179 curasse

162 2201 312 2252 Radesicns
333 2203 367 2252 de
386 2203 517 2252 Frislerica
537 2219 556 2254 r.
576 2205 690 2266 Impera·
728 2217 784 2251 cam
796 2202 935 2250 triclinium
948 2201 1126 2262 sacerdotum.

162 2287 236 2328 tore:
254 2279 341 2328 ι’ῙίΙὶιι
353 2280 467 2341 corporis
478 2278 562 2330 t'ornsa
572 2279 691 2343 etdignl·
759 2275 844 2337 Satiu]
860 2275 922 2324 satit
939 2283 1014 2325 orant
1031 2277 1166 2327 duodecim
1180 2279 1255 2341 juve·

162 2361 203 2403 tes
223 2363 251 2403 et
279 2356 419 2404 auctoritas
442 2362 493 2403 tarn
513 2356 592 2404 stanti
614 2369 690 2418 quara
727 2364 773 2398 nes
787 2349 953 2413 formslouge
966 2352 1077 2400 omniurn
1095 2353 1254 2414 praestantis·

162 2429 266 2478 sedenti
283 2429 445 2492 acquiritur!
477 2429 560 2478 Porro
577 2428 691 2492 dignitas
728 2427 794 2486 siun,
811 2440 875 2490 quos
895 2426 979 2475 Numa
995 2441 1028 2474 es
1044 2427 1133 2476 ordine
1150 2425 1255 2488 patritio

162 2504 252 2553 t'ornsae
265 2505 290 2551 in
302 2504 432 2552 sisotdsru
446 2504 514 2568 quod
527 2504 691 2566 pulchritudo
728 2500 965 2564 delectoscrcasst,
982 2517 1088 2566 quorum
1104 2517 1177 2551 sacra
1196 2512 1256 2552 sssnt

162 2580 191 2628 in
204 2577 324 2633 ¹isernias.
341 2588 370 2628 at
388 2579 509 2628 observat
529 2577 660 2640 Agrasius
676 2593 691 2626 e
728 2577 754 2624 ln
766 2575 880 2640 Palatio,
891 2577 989 2641 ipsique
1001 2579 1111 2627 Palatini
1124 2578 1255 2641 appellan-

164 2656 294 2704 Cicerone
306 2670 351 2716 pro
364 2655 458 2704 fullo:
478 2662 557 2718 atque
569 2653 605 2702 ita
615 2653 691 2705 Jaco·
729 2660 780 2701 tur.
812 2653 881 2702 Nasu
893 2650 1033 2716 Agonales,
1045 2654 1087 2718 qui
1101 2668 1116 2701 a
1128 2653 1255 2702 conontiis

164 2729 213 2780 lsus
221 2729 351 2792 'Cujscirrs
363 2731 550 2792 interpretatur
561 2725 692 2792 ‘dignitas
728 2728 820 2778 collini
834 2728 898 2777 Salii
909 2738 1043 2792 vocantur,
1054 2743 1161 2793 quorum
1172 2743 1256 2777 sacra·

163 2803 255 2856 certa'
274 2807 342 2870 apud
364 2807 497 2870 Papirium
516 2806 620 2856 Justrsns
642 2807 691 2868 leg.
729 2803 793 2852 rium
806 2811 845 2852 est
860 2805 886 2852 in
897 2802 998 2852 Collina
1011 2805 1118 2866 tssasulo,
1129 2813 1186 2868 post
1201 2803 1255 2850 Nu·

164 2896 224 2944 peu.
244 2881 279 2930 Ι).
298 2882 330 2930 de
349 2881 543 2931 decurionibus.
575 2882 691 2930 Velleius
728 2895 775 2929 asse
787 2881 885 2930 obitum
903 2895 919 2929 a
936 2894 997 2944 rege
1018 2880 1130 2929 Hostilio
1144 2879 1255 2928 instituti

165 2959 321 3008 Paterculus
341 2958 374 3006 de
393 2958 534 3023 Poaspcio:
552 2958 631 3008 ‘Fuit
650 2959 691 3007 bie
727 2953 843 3016 fucrant,
862 2957 895 3007 ob
912 2955 1135 3019 sotuanuoslslans
1146 2954 1214 3020 qaod
1229 2957 1255 3004 ln

165 3030 245 3081 torma
258 3035 397 3093 excellens,
410 3048 460 3082 oon
472 3031 691 3096 esquslloscora-
730 3029 797 3079 bello
815 3040 908 3080 contra
929 3031 1036 3080 Sabinos
1052 3040 1167 3080 roserat.
1208 3031 1255 3079 lsti

166 3107 305 3157 mandatur
325 3109 420 3170 estatis,
443 3107 489 3156 ssd
515 3122 547 3156 sa
565 3107 691 3172 dignitate
729 3119 817 3154 omnes
829 3106 890 3155 Salii
900 3115 959 3155 sunt
968 3106 1071 3170 quidam
1083 3108 1220 3155 saltatores
1230 3109 1256 3158 et

167 3181 312 3231 constanti!
329 3181 429 3231 Camala
730 3181 876 3230 laudatores
894 3183 1008 3230 Deorssm
1027 3180 1136 3235 iliorum,
1154 3181 1198 3244 qul
1216 3194 1256 3227 ar·

201 3257 295 3320 optusis
314 3255 453 3320 amicitas]
487 3255 564 3307 Quod
591 3258 692 3322 signata
729 3271 828 3305 moruus
857 3266 917 3307 suat
945 3255 1078 3319 praesides.
1112 3248 1256 3316 macyatus

168 3347 223 3382 esse
235 3333 344 3382 bominis
361 3332 509 3392 ἀναισθήτων,
528 3335 693 3384 consentiunt
731 3331 864 3382 Halicarn.

166 3421 254 3456 omues
274 3407 318 3464 τῆς
334 3407 549 3468 §manumissuris
565 3415 693 3469 ssscsosss,
764 3407 843 3454 Pinna
861 3407 887 3453 is
904 3421 929 3453 os
947 3406 1068 3456 inderetur
1083 3405 1115 3452 sd
1124 3395 1256 3453 {sannas-

167 3488 194 3530 et
214 3479 350 3530 confirmat
370 3483 444 3530 onice
466 3484 515 3530 lsoc
537 3483 691 3544 exemplam.
729 3481 952 3545 dusrstossaelssrn]
970 3480 1013 3529 Fit
1025 3480 1146 3540 tructam
1158 3479 1256 3530 tactura

170 3557 270 3606 Cmsb.
303 3557 432 3605 Calenum
456 3557 565 3620 antiqui,
585 3569 693 3618 quorsun
730 3556 799 3603 olim.
833 3554 909 3617 Apud
922 3553 1027 3603 Suidaus
1045 3554 1210 3618 scriptumest
1221 3555 1258 3604 A·

167 3632 277 3682 subinde
288 3635 423 3682 oemulstor
436 3642 482 3698 est
494 3633 639 3693 Suetonius,
651 3633 693 3681 iti·
731 3629 887 3690 ristoplsauis
898 3629 1010 3688 scholiis,
1028 3627 1134 3679 sitiam
1151 3631 1174 3678 al
1191 3633 1257 3680 triss-

167 3707 225 3758 dem
246 3709 360 3758 cervices
385 3709 476 3771 plurali
499 3721 604 3757 assmero
624 3707 693 3756 stice-
730 3704 916 3769 uainsssrtpqs
927 3706 1029 3768 χρῆσθαι
1044 3705 1100 3770 subs
1117 3705 1257 3769 τδιὺχερῦι

167 3781 240 3832 baar.
282 3783 352 3832 Hinc
373 3784 458 3832 Varro
481 3792 603 3848 tauquam
628 3797 694 3832 nore
732 3779 822 3844 tatros·
855 3781 1257 3832 GalenusetaliiGraecimedl·

167 3859 264 3908 dictans
277 3860 362 3922 arguit
371 3860 396 3906 ia
408 3856 630 3922 llortsusiwumd
639 3872 695 3907 cer·
733 3858 768 3914 cl,
783 3859 873 3921 περᾶν
882 3856 975 3907 scihar
985 3857 1017 3909 sis
1029 3857 1113 3919 tanos
1123 3856 1258 3919 προείπω

168 3933 208 3982 ris
222 3949 270 3996 pso
282 3934 398 3982 cervices
411 3942 569 3997 usurpasset.
587 3933 631 3983 lib.
644 3946 695 3983 vtt.
732 3931 899 3996 rbs'yaartpo.
924 3933 992 3982 Vide
1005 3935 1036 3983 ad
1049 3934 1201 3983 Athenarum
1214 3933 1257 3984 lib.

157 4017 247 4057 stu.
258 4006 292 4056 de
303 4007 334 4056 L.
348 4007 377 4056 [ι.
734 4013 860 4057 xs.c.ltt.
877 4007 981 4058 coast.
1006 4007 1258 4058 Hacconsuetudine

109 4143 112 4152 ι
198 4079 409 4147 Spamterictss]
422 4080 490 4130 Hinc
501 4080 534 4130 de
543 4079 696 4147 Agrippinas
734 4083 965 4146 tretsdgrlppins‚
984 4095 1042 4128 cuns
1062 4080 1150 4130 boleto
1169 4096 1259 4145 parnas

168 4156 698 4222 boletoloqaaasluseasl.8st.vs.‘Tre·
736 4157 862 4222 proficere
889 4156 1030 4218 videretur,
1052 4156 1144 4206 medici
1170 4171 1259 4220 opera,

169 4235 316 4298 malumque
343 4240 422 4296 caput
443 4231 600 4283 descendere
617 4231 698 4295 jussit
736 4241 859 4297 tauquam
872 4229 992 4281 ransitum
1005 4242 1189 4294 provocatura,
1203 4232 1259 4296 piu·
