3014 4886
268 395 354 466 1855
596 413 792 464 nncnnsus
816 415 1032 464 nnrrrouun

267 565 329 626 rod.
350 573 381 622 at
401 561 498 622 chr.
518 549 611 622 loriti
633 561 778 624 Glareani
795 565 825 624 in
848 565 1020 626 Suetonium
1041 565 1259 626 annotationes.
1285 561 1358 626 Ant·

265 660 385 740 verpitc,
399 679 438 718 ex
451 657 570 720 officina
583 658 753 739 Christoph.
768 659 916 720 Plautini.
931 669 960 720 8.

306 761 387 817 1518
409 754 491 814 Loev.
509 753 655 814 Torrentii
670 756 700 812 in
714 755 752 814 (l.
768 757 900 816 Suetonii
912 755 1023 834 Tranq.
1039 771 1102 814 xri.
1122 755 1257 816 Caesaras
1275 757 1360 816 Com-

264 851 412 910 montorii.
442 849 629 930 Antverpiae,
656 871 694 910 ex
720 849 797 910 offic.
828 851 998 930 christoph.
1025 850 1161 911 Plantln.
1185 851 1361 912 8.-Hunc

265 947 517 1007 commentarium
530 965 588 1006 non
602 945 761 1016 Torrentii,
776 947 828 1006 sed
847 947 976 1016 alterius,
996 947 1093 1006 nascio
1105 948 1190 1024 cujus
1201 948 1259 1007 riri
1271 947 1360 1016 docti,

264 1056 357 1106 morte
378 1047 531 1127 praerenti,
553 1066 615 1104 esse
634 1046 737 1104 scribit
759 1044 917 1125 Adolphus
933 1045 1017 1104 Occo
1040 1044 1164 1124 Epistol.
1184 1045 1224 1104 ad
1243 1046 1361 1106 Amara·

263 1142 413 1211 bachium,
434 1141 514 1221 apud
534 1140 678 1200 Patinum
696 1139 861 1200 Introduct.
880 1141 918 1200 ad
939 1140 1143 1200 numismatum
1158 1151 1291 1200 vetorum
1312 1163 1362 1201 nc

262 1241 361 1300 titiam
375 1263 406 1322 p.
419 1247 490 1301 2⁹1.
504 1240 563 1300 fide
576 1260 634 1300 non
647 1241 760 1299 incerta
771 1239 877 1309 solum,
895 1238 946 1298 sed
964 1239 1128 1318 suspicione
1146 1241 1238 1298 ctiam
1261 1261 1360 1320 parum

263 1337 411 1406 credibili,
424 1357 491 1397 cum
504 1335 651 1396 Torrentii
671 1335 861 1395 cruditionem
880 1344 911 1393 et
930 1335 1129 1393 characterem
1150 1335 1290 1394 ἀίοῑίοιιι
1301 1338 1362 1414 ojus

263 1443 342 1492 notae
355 1433 443 1492 etiarn
456 1433 486 1490 in
500 1430 675 1500 Horatium,
692 1439 724 1491 et
744 1430 804 1490 alia
823 1439 1012 1490 monumenta
1030 1439 1184 1491 testantur.
1226 1432 1289 1490 sed
1302 1432 1361 1491 rid.

262 1537 361 1587 tamen
381 1528 482 1587 Burin.
500 1526 538 1586 de
556 1527 613 1585 hoc
628 1527 837 1588 commentario
853 1527 883 1584 in
897 1525 991 1584 Praef.
1009 1525 1049 1584 ad
1067 1527 1253 1586 Suetonium.
1285 1527 1361 1587 Cum

263 1625 340 1682 notis
357 1623 488 1702 plurimis
504 1622 580 1682 Mss.
596 1623 650 1682 viri
668 1623 749 1682 docti
763 1621 909 1682 Torrentii
930 1621 1164 1680 Commentariis
1185 1623 1234 1682 hie
1255 1623 1314 1682 fuit
1333 1625 1360 1682 in

263 1719 346 1779 Bibl.
369 1718 618 1780 Hohcndorfiana
641 1737 694 1779 111.
717 1741 746 1799 p.
770 1726 840 1778 281.
861 1739 907 1797 sq.
933 1719 1057 1778 accessit
1079 1719 1214 1778 thesauro
1241 1719 1360 1780 librario

261 1815 464 1896 Imperatoris.

301 1918 381 1970 1585
402 1911 440 1972 C.
452 1912 586 1970 Suetonii
596 1910 707 1990 Tranq.
722 1910 867 1979 Caesares,
876 1910 914 1970 de
928 1909 1034 1969 illustr.
1048 1909 1182 1970 Gramm.
1192 1919 1224 1968 ct
1234 1910 1359 1972 Rhetor.

239 2031 243 2038 ·
261 2005 408 2084 Lugduni,
423 2006 502 2086 apud
516 2005 635 2086 Gryph.
651 2012 700 2066 12.

299 2110 380 2166 1587
401 2125 468 2164 cum
485 2124 592 2164 comm.
614 2105 728 2164 chvini
747 2103 894 2166 Torrentii
913 2103 1047 2173 auctiori,
1068 2113 1099 2162 et
1118 2103 1187 2181 figg.
1211 2103 1356 2183 Antrerp.

258 2219 297 2258 ex
310 2198 388 2260 offic.
411 2199 548 2260 Plontin.
562 2207 592 2260 4.

299 2303 380 2356 1588
401 2295 439 2356 O.
454 2295 589 2356 Suetonii
597 2295 708 2374 Tronq.
724 2312 789 2355 xu.
804 2296 949 2365 Casama,
959 2314 1025 2354 cum
1038 2295 1158 2354 seorsim
1170 2293 1355 2372 adjectislo.

259 2391 338 2472 Bap.
360 2392 494 2470 Egnatii,
513 2378 630 2452 Erasmi
648 2391 793 2451 Rotsrod.
816 2390 915 2450 Henr.
937 2389 1081 2449 Glareani
1099 2399 1130 2449 et
1143 2389 1262 2450 Theod.
1282 2390 1355 2450 Pul-

257 2489 359 2547 manni
372 2489 621 2549 annotationibus.
636 2487 674 2549 Iu
686 2487 768 2548 Frid.
783 2486 937 2566 Sylburgii
951 2485 1008 2544 SS.
1024 2485 1106 2545 Hist.
1120 2486 1203 2564 Aug.
1218 2485 1355 2546 Francos.

257 2587 348 2642 1588.
362 2583 415 2642 tol.
429 2583 515 2643 Tom.
532 2601 570 2643 11.
586 2606 615 2664 p.
631 2592 661 2643 1.

298 2682 379 2736 1590
401 2677 438 2737 C.
467 2676 602 2740 Suetonii
628 2679 679 2737 Tr.
706 2697 772 2739 xri.
800 2679 951 2739 Caesaras:
982 2677 1112 2757 ejusdem
1136 2677 1174 2736 ds
1198 2677 1356 2737 illnstribs

257 2768 469 2832 Grammaticis
493 2774 585 2842 liber:
617 2774 655 2833 de
677 2774 768 2834 claris
789 2775 972 2835 Rhetoribus
993 2774 1086 2832 liber:
1117 2773 1267 2834 accedunt
1286 2774 1354 2834 alia.

257 2863 403 2942 Lugduni,
425 2867 504 2946 apud
519 2867 596 2929 Ant.
612 2868 790 2950 Gryphium.
804 2870 988 2930 1n.·-Bib1.
1012 2869 1164 2930 Emtinck.
1189 2869 1279 2929 Part
1302 2885 1353 2929 111.

255 2979 284 3037 p.
298 2966 369 3020 455.
383 2982 412 3020 n.
427 2969 497 3022 805.
1362 2999 1371 3010 .

294 3061 374 3116 1591
398 3055 435 3116 O.
450 3056 586 3118 Suetonii
599 3059 649 3119 Tr.
665 3077 731 3120 κη.
751 3061 895 3132 Caesares,
915 3073 946 3122 et
965 3064 995 3122 in
1014 3081 1066 3124 cos
1079 3061 1194 3122 Laevini
1208 3061 1353 3123 Torrentli

253 3153 480 3212 commentarius
492 3155 607 3216 auctior
618 3165 649 3215 at
659 3158 852 3219 emendatior.
875 3159 1061 3239 Antverpiae,
1074 3177 1113 3218 ex
1125 3156 1246 3218 officina
1259 3159 1354 3220 Plan-

204 3271 209 3280 ·
255 3247 309 3306 tin.
323 3256 354 3308 4.

292 3375 335 3390 ·-
349 3344 493 3424 Lugduni.
508 3353 557 3407 12.
582 3429 584 3435 y

486 3553 612 3614 AETAS
635 3556 704 3617 III.
736 3553 1117 3624 cAsAUBONIANn

694 3662 906 3719 mon-1671.

287 3803 342 3864 Ab
363 3805 470 3869 Isaaco
489 3812 670 3878 casaubono
690 3830 721 3881 ct
740 3805 823 3883 Jano'
842 3821 971 3884 Grutaro
990 3824 1146 3884 illustrata.
1165 3826 1351 3888 'Laudantur

246 3911 363 3974 quoque
388 3903 481 3984 Lipsii
506 3917 537 3968 ct
562 3909 703 3974 Salmasii
725 3920 929 3978 commentarii
955 3920 1161 3998 particulares,
1187 3943 1263 4002 quaa
1284 3941 1349 3983 mm

244 3994 408 4098 ceterorum
422 4002 500 4060 curis
512 4006 650 4069 exhibuit
661 4011 711 4071 Jo.
726 4013 886 4083 Schildius,
899 4014 1029 4094 denique
1043 4016 1156 4076 Matth.
1181 4019 1350 4098 Bemggu·

243 4093 302 4145 ¹⁰⁵2
316 4101 365 4141 cun
377 4092 468 4153 ctiam
482 4100 573 4162 index
586 4105 831 4187 locupletissimus
842 4110 975 4172 debetur.

283 4175 363 4233 1595
385 4181 558 4253 Casauboni
580 4216 602 4260 1.
624 4201 661 4262 C.
684 4203 820 4268 Suetonii
842 4206 1012 4286 Tranquilli
1032 4209 1071 4269 de
1092 4225 1157 4270 xli.
1180 4210 1350 4272 caesaribus
